Title,Subject,List,"Send Date","Send Weekday","Total Recipients","Successful Deliveries","Soft Bounces","Hard Bounces","Total Bounces","Times Forwarded","Forwarded Opens","Unique Opens","Open Rate","Total Opens","Unique Clicks","Click Rate","Total Clicks",Unsubscribes,"Abuse Complaints","Times Liked on Facebook","Folder Id","Unique Id","Total Orders","Total Gross Sales","Total Revenue"
"VICTOR NEW TEMPLATE","Today test",Deepnews.ai,"Oct 26, 2018 02:56 pm",Friday,3,3,0,0,0,0,0,3,100.00%,6,0,0.00%,0,0,0,0,0,6bd8b0c192,0,0,0
"VICTOR NEW TEMPLATE","Today test",Deepnews.ai,"Oct 26, 2018 02:57 pm",Friday,3,3,0,0,0,0,0,3,100.00%,5,0,0.00%,0,0,0,0,0,720e4f541f,0,0,0
"VICTOR NEW TEMPLATE","Today test",Deepnews.ai,"Oct 26, 2018 03:01 pm",Friday,3,3,0,0,0,0,0,3,100.00%,5,2,66.67%,3,0,0,0,0,1fbcac3dd1,0,0,0
"VICTOR NEW TEMPLATE","Today test",Deepnews.ai,"Nov 04, 2018 11:27 pm",Sunday,3,3,0,0,0,0,0,3,100.00%,5,1,33.33%,1,0,0,0,0,b06f0bccdd,0,0,0
"VICTOR NEW TEMPLATE","Today test",Deepnews.ai,"Nov 05, 2018 11:02 pm",Monday,3,3,0,0,0,0,0,3,100.00%,10,1,33.33%,1,0,0,0,0,4ae3006f85,0,0,0
"VICTOR NEW TEMPLATE","Today test",Deepnews.ai,"Nov 05, 2018 11:04 pm",Monday,3,3,0,0,0,0,0,3,100.00%,7,1,33.33%,6,0,0,0,0,2ab223a173,0,0,0
"VICTOR NEW TEMPLATE","Today test",Deepnews.ai,"Nov 09, 2018 11:43 am",Friday,3,3,0,0,0,0,0,3,100.00%,10,1,33.33%,1,0,0,0,0,99f276081d,0,0,0
"VICTOR NEW TEMPLATE","Today test",Deepnews.ai,"Nov 09, 2018 11:53 am",Friday,3,3,0,0,0,0,0,3,100.00%,6,1,33.33%,2,0,0,0,0,b3c209ce43,0,0,0
"VICTOR NEW TEMPLATE","Today test",Deepnews.ai,"Nov 09, 2018 11:56 am",Friday,3,3,0,0,0,0,0,3,100.00%,6,1,33.33%,1,0,0,0,0,e07afddc84,0,0,0
"VICTOR NEW TEMPLATE","Today test",Deepnews.ai,"Nov 09, 2018 11:59 am",Friday,3,3,0,0,0,0,0,3,100.00%,6,0,0.00%,0,0,0,0,0,5768fc1011,0,0,0
"VICTOR NEW TEMPLATE","Today test",Deepnews.ai,"Nov 09, 2018 12:02 pm",Friday,3,3,0,0,0,0,0,3,100.00%,9,2,66.67%,7,0,0,0,0,bd1a6d7117,0,0,0
"VICTOR NEW TEMPLATE","Today test",Deepnews.ai,"Nov 09, 2018 08:50 pm",Friday,3,3,0,0,0,0,0,2,66.67%,6,1,33.33%,2,0,0,0,0,07d8f82789,0,0,0
"VICTOR NEW TEMPLATE","Today test",Deepnews.ai,"Nov 09, 2018 10:08 pm",Friday,3,3,0,0,0,0,0,2,66.67%,9,2,66.67%,10,0,0,0,0,413d0c58b4,0,0,0
"VICTOR NEW TEMPLATE","Today test",for_victor,"Nov 11, 2018 05:52 pm",Sunday,1,1,0,0,0,0,0,1,100.00%,1,0,0.00%,0,0,0,0,0,b2f9d80130,0,0,0
"VICTOR NEW TEMPLATE","Today test",for_victor,"Nov 11, 2018 05:57 pm",Sunday,1,1,0,0,0,0,0,1,100.00%,2,1,100.00%,1,0,0,0,0,c02c1553c3,0,0,0
"VICTOR NEW TEMPLATE","Today test",for_victor,"Nov 11, 2018 06:05 pm",Sunday,1,1,0,0,0,0,0,1,100.00%,2,1,100.00%,2,0,0,0,0,1068a534ee,0,0,0
"VICTOR NEW TEMPLATE","Today test",for_victor,"Nov 12, 2018 02:48 pm",Monday,1,1,0,0,0,0,0,1,100.00%,2,1,100.00%,3,0,0,0,0,0db93f22f9,0,0,0
"VICTOR NEW TEMPLATE","Today test",for_victor,"Nov 12, 2018 04:03 pm",Monday,1,1,0,0,0,0,0,1,100.00%,1,0,0.00%,0,0,0,0,0,03a2653bb1,0,0,0
"VICTOR NEW TEMPLATE","Today test",for_victor,"Nov 12, 2018 04:42 pm",Monday,1,1,0,0,0,0,0,1,100.00%,1,1,100.00%,2,0,0,0,0,f73b0dab2b,0,0,0
"VICTOR NEW TEMPLATE","Today test",for_victor,"Nov 12, 2018 04:57 pm",Monday,1,1,0,0,0,0,0,1,100.00%,2,0,0.00%,0,0,0,0,0,d91f46d888,0,0,0
Financial_news_campaign,"Deep news for highly intelligent people @ Financial News",for_victor,"Nov 13, 2018 09:37 am",Tuesday,1,1,0,0,0,0,0,1,100.00%,1,1,100.00%,4,0,0,0,0,e0e9b21b10,0,0,0
"VICTOR NEW TEMPLATE","Today test",for_victor,"Nov 13, 2018 10:57 am",Tuesday,1,1,0,0,0,0,0,1,100.00%,3,0,0.00%,0,0,0,0,0,779619695c,0,0,0
Financial_news_campaign,"Deep news for highly intelligent people @ Financial News",for_victor,"Nov 13, 2018 11:59 am",Tuesday,1,1,0,0,0,0,0,1,100.00%,1,0,0.00%,0,0,0,0,0,921cb16e29,0,0,0
Digital_democracy_campaign,"Deep news for highly intelligent people @ Digital Democracy",for_victor,"Nov 15, 2018 10:14 am",Thursday,1,1,0,0,0,0,0,1,100.00%,2,1,100.00%,14,0,0,0,0,324205a78a,0,0,0
Financial_news_campaign,"Deep news for highly intelligent people @ Financial News",for_victor,"Nov 15, 2018 11:11 am",Thursday,1,1,0,0,0,0,0,1,100.00%,1,0,0.00%,0,0,0,0,0,93d6faabe8,0,0,0
Financial_news_campaign,"Deep news for highly intelligent people @ Financial News",Deepnews.ai,"Nov 15, 2018 11:51 am",Thursday,3,3,0,0,0,0,0,3,100.00%,4,2,66.67%,2,0,0,0,0,96771a0844,0,0,0
Techmeme_Mediagazer_campaign,"Deep news for highly intelligent people @ MediaGazer // Techmeme",Deepnews.ai,"Nov 16, 2018 08:04 am",Friday,3,3,0,0,0,0,0,3,100.00%,8,0,0.00%,0,0,0,0,0,8a47243154,0,0,0
Techmeme_Mediagazer_campaign,"Deep news for highly intelligent people @ MediaGazer // Techmeme",Deepnews.ai,"Nov 16, 2018 03:38 pm",Friday,3,3,0,0,0,0,0,2,66.67%,6,1,33.33%,1,0,0,0,0,8e58230e08,0,0,0
NAME_campaign,"Today's news",Deepnews.ai,"Nov 17, 2018 08:04 am",Saturday,3,3,0,0,0,0,0,2,66.67%,3,0,0.00%,0,0,0,0,0,d0c0f72b93,0,0,0
Digital_democracy_campaign,"Deep news for highly intelligent people @ Digital Democracy",Deepnews.ai,"Nov 19, 2018 08:03 am",Monday,3,3,0,0,0,0,0,3,100.00%,6,1,33.33%,4,0,0,0,0,9bdf1361b7,0,0,0
politics_campaign,"Deep news for highly intelligent people @ Financial News",Deepnews.ai,"Nov 21, 2018 01:34 pm",Wednesday,3,3,0,0,0,0,0,3,100.00%,8,2,66.67%,6,0,0,0,0,559a8a6c53,0,0,0
politics_campaign,"Deep news for highly intelligent people @ Financial News",Deepnews.ai,"Nov 21, 2018 02:06 pm",Wednesday,3,3,0,0,0,0,0,2,66.67%,2,0,0.00%,0,0,0,0,0,6a6f9513ce,0,0,0
politics_campaign,"Deep news for highly intelligent people @ Financial News",for_victor,"Nov 21, 2018 02:39 pm",Wednesday,1,1,0,0,0,0,0,1,100.00%,1,0,0.00%,0,0,0,0,0,ecac698ee5,0,0,0
politics_campaign,"Deep news for highly intelligent people @ Financial News",for_victor,"Nov 21, 2018 02:45 pm",Wednesday,1,1,0,0,0,0,0,1,100.00%,1,0,0.00%,0,0,0,0,0,2fd555b126,0,0,0
politics_campaign,"Deep news for highly intelligent people @ Financial News",Deepnews.ai,"Nov 21, 2018 02:53 pm",Wednesday,3,3,0,0,0,0,0,2,66.67%,2,0,0.00%,0,0,0,0,0,203214a347,0,0,0
politics_campaign,"Deep news for highly intelligent people @ Financial News",Deepnews.ai,"Nov 21, 2018 03:15 pm",Wednesday,3,3,0,0,0,0,0,2,66.67%,3,2,66.67%,9,0,0,0,0,7483f209d4,0,0,0
politics_campaign,"Deep news for highly intelligent people @ Financial News",Deepnews.ai,"Nov 21, 2018 04:22 pm",Wednesday,3,3,0,0,0,0,0,3,100.00%,6,2,66.67%,4,0,0,0,0,2034e6d272,0,0,0
Financial_news_campaign,"Deep news for highly intelligent people @ Financial News",Deepnews.ai,"Nov 22, 2018 10:47 am",Thursday,3,3,0,0,0,0,0,3,100.00%,5,1,33.33%,1,0,0,0,0,22f102d6d2,0,0,0
Techmeme_Mediagazer_campaign,"Deep news for highly intelligent people @ MediaGazer // Techmeme",Deepnews.ai,"Nov 23, 2018 10:24 am",Friday,3,3,0,0,0,0,0,3,100.00%,5,3,100.00%,11,0,0,0,0,d151ee522c,0,0,0
Techmeme_Mediagazer_campaign,"Deep news for highly intelligent people @ MediaGazer // Techmeme",Deepnews.ai,"Nov 23, 2018 12:43 pm",Friday,3,3,0,0,0,0,0,3,100.00%,4,0,0.00%,0,0,0,0,0,df189194f1,0,0,0
"VICTOR NEW TEMPLATE","Today test",for_victor,"Nov 24, 2018 08:31 pm",Saturday,1,1,0,0,0,0,0,1,100.00%,1,0,0.00%,0,0,0,0,0,a91e27a0b4,0,0,0
"VICTOR NEW TEMPLATE","Today test",for_victor,"Nov 25, 2018 03:46 pm",Sunday,1,1,0,0,0,0,0,1,100.00%,1,0,0.00%,0,0,0,0,0,afadaa09be,0,0,0
"VICTOR NEW TEMPLATE","Today test",for_victor,"Nov 25, 2018 03:56 pm",Sunday,1,1,0,0,0,0,0,1,100.00%,1,0,0.00%,0,0,0,0,0,635fdeac6d,0,0,0
"VICTOR NEW TEMPLATE","Today test",for_victor,"Nov 25, 2018 04:00 pm",Sunday,1,1,0,0,0,0,0,1,100.00%,1,1,100.00%,7,0,0,0,0,8c7421716a,0,0,0
"VICTOR NEW TEMPLATE","Deep news for highly intelligent people @ MediaGazer // Techmeme",for_victor,"Nov 25, 2018 04:18 pm",Sunday,1,1,0,0,0,0,0,1,100.00%,2,1,100.00%,9,0,0,0,0,4c3d697c62,0,0,0
"VICTOR NEW TEMPLATE","Deep news for highly intelligent people @ MediaGazer // Techmeme",for_victor,"Nov 25, 2018 11:03 pm",Sunday,1,1,0,0,0,0,0,1,100.00%,2,0,0.00%,0,0,0,0,0,91b0cffea0,0,0,0
Digital_democracy_campaign,"Deep news for highly intelligent people @ Digital Democracy",Deepnews.ai,"Nov 26, 2018 02:43 pm",Monday,3,3,0,0,0,0,0,3,100.00%,4,2,66.67%,2,0,0,0,0,8819cd695e,0,0,0
Digital_democracy_campaign,"Deep news for highly intelligent people @ Digital Democracy",Deepnews.ai,"Nov 27, 2018 06:55 pm",Tuesday,3,3,0,0,0,0,0,3,100.00%,4,2,66.67%,3,0,0,0,0,c2026473ff,0,0,0
politics_campaign,"Deep news for highly intelligent people @ Financial News",Deepnews.ai,"Nov 28, 2018 10:35 am",Wednesday,3,3,0,0,0,0,0,3,100.00%,4,2,66.67%,4,0,0,0,0,622f8c5cdd,0,0,0
Financial_news_campaign,"Deep news for highly intelligent people @ Financial News",Deepnews.ai,"Nov 29, 2018 08:04 am",Thursday,3,3,0,0,0,0,0,3,100.00%,4,2,66.67%,4,0,0,0,0,1c6022f217,0,0,0
Financial_news_campaign,"Deep news for highly intelligent people @ Financial News",Deepnews.ai,"Nov 29, 2018 10:16 am",Thursday,3,3,0,0,0,0,0,3,100.00%,5,1,33.33%,2,0,0,0,0,1b67d8d46c,0,0,0
Techmeme_Mediagazer_campaign,"Deep news for highly intelligent people @ MediaGazer // Techmeme",Deepnews.ai,"Nov 29, 2018 03:05 pm",Thursday,3,3,0,0,0,0,0,3,100.00%,5,2,66.67%,2,0,0,0,0,5ecbfdd183,0,0,0
finance_campaign,"Deep news for highly Financial People",Deepnews.ai,"Nov 29, 2018 03:29 pm",Thursday,3,3,0,0,0,0,0,2,66.67%,3,2,66.67%,7,0,0,0,0,6fc6a8ca14,0,0,0
Techmeme_Mediagazer_campaign,"Deep news for highly intelligent people @ MediaGazer // Techmeme",Deepnews.ai,"Nov 29, 2018 03:49 pm",Thursday,3,3,0,0,0,0,0,3,100.00%,4,0,0.00%,0,0,0,0,0,fa3e23ca4f,0,0,0
Techmeme_Mediagazer_campaign,"Deep news for highly intelligent people @ MediaGazer // Techmeme",Deepnews.ai,"Nov 29, 2018 05:06 pm",Thursday,3,3,0,0,0,0,0,2,66.67%,3,0,0.00%,0,0,0,0,0,1816076bfe,0,0,0
finance_campaign,"Deep news for highly Financial People",Deepnews.ai,"Nov 30, 2018 08:15 am",Friday,3,3,0,0,0,0,0,2,66.67%,4,2,66.67%,4,0,0,0,0,d487ec91e3,0,0,0
finance_campaign,"Deep news for highly Financial People",Deepnews.ai,"Dec 01, 2018 08:16 am",Saturday,3,3,0,0,0,0,0,3,100.00%,4,0,0.00%,0,0,0,0,0,e8412e3a13,0,0,0
finance_campaign,"Deep news for highly Financial People",Deepnews.ai,"Dec 02, 2018 08:15 am",Sunday,3,3,0,0,0,0,0,2,66.67%,4,0,0.00%,0,0,0,0,0,1223f091ca,0,0,0
finance_campaign,"Deep news for highly Financial People",Deepnews.ai,"Dec 03, 2018 08:15 am",Monday,3,3,0,0,0,0,0,2,66.67%,4,0,0.00%,0,0,0,0,0,c0db1462ac,0,0,0
Digital_democracy_campaign,"Deep news for highly intelligent people @ Digital Democracy",Deepnews.ai,"Dec 03, 2018 10:43 am",Monday,3,3,0,0,0,0,0,3,100.00%,5,1,33.33%,2,0,0,0,0,62ad42a41c,0,0,0
Digital_democracy_campaign,"Deep news for highly intelligent people @ Digital Democracy",Deepnews.ai,"Dec 03, 2018 11:19 am",Monday,3,3,0,0,0,0,0,3,100.00%,5,2,66.67%,10,0,0,0,0,c2d0fc2105,0,0,0
Techmeme_Mediagazer_campaign,"Deep news for highly intelligent people @ MediaGazer // Techmeme",Deepnews.ai,"Dec 03, 2018 11:30 am",Monday,2,2,0,0,0,0,0,2,100.00%,3,2,100.00%,5,0,0,0,0,a5d5506546,0,0,0
Techmeme_Mediagazer_campaign,"Deep news for highly intelligent people @ MediaGazer // Techmeme",Deepnews.ai,"Dec 03, 2018 12:03 pm",Monday,2,2,0,0,0,0,0,2,100.00%,3,1,50.00%,1,0,0,0,0,1db54eed60,0,0,0
Techmeme_Mediagazer_campaign,"Deep news for highly intelligent people @ MediaGazer // Techmeme",Deepnews.ai,"Dec 03, 2018 12:10 pm",Monday,2,2,0,0,0,0,0,2,100.00%,6,2,100.00%,5,0,0,0,0,c14c82cf1d,0,0,0
NAME_campaign,"Today's news",Deepnews.ai,"Dec 03, 2018 12:42 pm",Monday,2,2,0,0,0,0,0,2,100.00%,2,2,100.00%,2,0,0,0,0,d1e10e8756,0,0,0
NAME_campaign,"Today's news",Deepnews.ai,"Dec 03, 2018 02:43 pm",Monday,2,2,0,0,0,0,0,2,100.00%,3,1,50.00%,1,0,0,0,0,2b68c40eb3,0,0,0
finance_campaign,"Deep news for highly Financial People",Deepnews.ai,"Dec 03, 2018 02:46 pm",Monday,2,2,0,0,0,0,0,2,100.00%,3,1,50.00%,1,0,0,0,0,c8f61094a7,0,0,0
politics_campaign,"Deep news for highly intelligent people @ Financial News",Deepnews.ai,"Dec 03, 2018 03:02 pm",Monday,2,2,0,0,0,0,0,2,100.00%,4,1,50.00%,1,0,0,0,0,cbc626bbb4,0,0,0
politics_campaign,"Deep news for highly intelligent people @ Financial News",Deepnews.ai,"Dec 04, 2018 08:04 am",Tuesday,2,2,0,0,0,0,0,2,100.00%,3,0,0.00%,0,0,0,0,0,133a31ed83,0,0,0
NAME_campaign,"Today's news",Deepnews.ai,"Dec 04, 2018 04:28 pm",Tuesday,2,2,0,0,0,0,0,2,100.00%,4,0,0.00%,0,0,0,0,0,b168a318fe,0,0,0
NAME_campaign,"Today's news",Deepnews.ai,"Dec 04, 2018 04:31 pm",Tuesday,2,2,0,0,0,0,0,2,100.00%,2,1,50.00%,5,0,0,0,0,1409e0c3f6,0,0,0
NAME_campaign,"Today's news",Deepnews.ai,"Dec 04, 2018 04:33 pm",Tuesday,2,2,0,0,0,0,0,2,100.00%,2,0,0.00%,0,0,0,0,0,ae01931106,0,0,0
NAME_campaign,"Today's news",Deepnews.ai,"Dec 04, 2018 04:48 pm",Tuesday,2,2,0,0,0,0,0,2,100.00%,2,1,50.00%,1,0,0,0,0,5b3bd051bf,0,0,0
NAME_campaign,"Today's news",Deepnews.ai,"Dec 04, 2018 04:50 pm",Tuesday,2,2,0,0,0,0,0,2,100.00%,4,1,50.00%,2,0,0,0,0,f17b020d2a,0,0,0
politics_campaign,"Deep news for highly intelligent people @ Financial News",Deepnews.ai,"Dec 05, 2018 08:04 am",Wednesday,2,2,0,0,0,0,0,2,100.00%,3,1,50.00%,1,0,0,0,0,5b7af6acb2,0,0,0
politics_campaign,"Deep news for highly intelligent people @ Financial News",Deepnews.ai,"Dec 06, 2018 08:04 am",Thursday,2,2,0,0,0,0,0,2,100.00%,3,0,0.00%,0,0,0,0,0,b711cd1a3b,0,0,0
NAME_campaign,"Today's news",Deepnews.ai,"Dec 06, 2018 02:35 pm",Thursday,2,2,0,0,0,0,0,2,100.00%,2,0,0.00%,0,0,0,0,0,37616d11dd,0,0,0
politics_campaign,"Deep news for highly intelligent people @ Financial News",Deepnews.ai,"Dec 07, 2018 08:04 am",Friday,2,2,0,0,0,0,0,2,100.00%,3,0,0.00%,0,0,0,0,0,66fad8b9de,0,0,0
politics_campaign,"Deep news for highly intelligent people @ Financial News",Deepnews.ai,"Dec 08, 2018 08:04 am",Saturday,2,2,0,0,0,0,0,1,50.00%,2,0,0.00%,0,0,0,0,0,a0d9336137,0,0,0
politics_campaign,"Deep news for highly intelligent people @ Financial News",Deepnews.ai,"Dec 09, 2018 08:04 am",Sunday,2,2,0,0,0,0,0,2,100.00%,2,0,0.00%,0,0,0,0,0,d5e3518b9c,0,0,0
politics_campaign,"Deep news for highly intelligent people @ Financial News",Deepnews.ai,"Dec 10, 2018 08:04 am",Monday,2,2,0,0,0,0,0,2,100.00%,4,2,100.00%,7,0,0,0,0,c16bce9ee0,0,0,0
politics_campaign,"Deep news for highly intelligent people @ Financial News",Deepnews.ai,"Dec 11, 2018 08:04 am",Tuesday,2,2,0,0,0,0,0,2,100.00%,6,1,50.00%,1,0,0,0,0,cb6bace02e,0,0,0
politics_campaign,"Deep news for highly intelligent people @ Financial News",Deepnews.ai,"Dec 14, 2018 08:04 am",Friday,2,2,0,0,0,0,0,2,100.00%,4,0,0.00%,0,0,0,0,0,ea657d4d34,0,0,0
politics_campaign,"Deep news for highly intelligent people @ Financial News",Deepnews.ai,"Dec 15, 2018 08:04 am",Saturday,2,2,0,0,0,0,0,2,100.00%,3,0,0.00%,0,0,0,0,0,4114e33a9d,0,0,0
politics_campaign,"Deep news for highly intelligent people @ Financial News",Deepnews.ai,"Dec 16, 2018 08:04 am",Sunday,2,2,0,0,0,0,0,2,100.00%,2,1,50.00%,1,0,0,0,0,a8a9efa535,0,0,0
politics_campaign,"Deep news for highly intelligent people @ Financial News",Deepnews.ai,"Dec 17, 2018 08:04 am",Monday,2,2,0,0,0,0,0,1,50.00%,1,1,50.00%,7,0,0,0,0,379b6003ce,0,0,0
Digital_democracy_campaign,"Deep news for highly intelligent people @ Digital Democracy",Deepnews.ai,"Dec 17, 2018 11:17 am",Monday,2,2,0,0,0,0,0,2,100.00%,3,2,100.00%,3,0,0,0,0,2bae340c63,0,0,0
NAME_campaign,"Today's news",Deepnews.ai,"Dec 17, 2018 11:42 am",Monday,2,2,0,0,0,0,0,2,100.00%,3,0,0.00%,0,0,0,0,0,b98f9033f5,0,0,0
NAME_campaign,"Today's news",Deepnews.ai,"Dec 17, 2018 11:42 am",Monday,2,2,0,0,0,0,0,2,100.00%,3,0,0.00%,0,0,0,0,0,80930edd1a,0,0,0
politics_campaign,"Deep news for highly intelligent people @ Financial News",Deepnews.ai,"Dec 18, 2018 08:04 am",Tuesday,2,2,0,0,0,0,0,2,100.00%,2,0,0.00%,0,0,0,0,0,dca7edc831,0,0,0
environment_campaign,"Deep news for highly Eco friendly people",Deepnews.ai,"Dec 18, 2018 11:30 am",Tuesday,2,2,0,0,0,0,0,2,100.00%,4,0,0.00%,0,0,0,0,0,235edaad31,0,0,0
environment_campaign,"Deep news for highly Eco friendly people",Deepnews.ai,"Dec 18, 2018 11:30 am",Tuesday,2,2,0,0,0,0,0,2,100.00%,4,1,50.00%,3,0,0,0,0,169eb31831,0,0,0
politics_campaign,"Deep news for highly intelligent people @ Financial News",Deepnews.ai,"Dec 19, 2018 08:04 am",Wednesday,2,2,0,0,0,0,0,2,100.00%,4,2,100.00%,2,0,0,0,0,50d16fcf54,0,0,0
politics_campaign,"Deep news for highly intelligent people @ Financial News",Deepnews.ai,"Dec 19, 2018 10:04 am",Wednesday,2,2,0,0,0,0,0,2,100.00%,2,1,50.00%,2,0,0,0,0,eec54666cc,0,0,0
politics_campaign,"Deep news for highly intelligent people @ Financial News",Deepnews.ai,"Dec 19, 2018 10:27 am",Wednesday,2,2,0,0,0,0,0,2,100.00%,2,1,50.00%,1,0,0,0,0,272eefd57b,0,0,0
politics_campaign,"Deep news for highly intelligent people @ Financial News",Deepnews.ai,"Dec 19, 2018 10:46 am",Wednesday,2,2,0,0,0,0,0,2,100.00%,5,1,50.00%,5,0,0,0,0,c48c4e3251,0,0,0
Financial_news_campaign,"Deep news for highly intelligent people @ Financial News",Deepnews.ai,"Dec 20, 2018 08:04 am",Thursday,2,2,0,0,0,0,0,2,100.00%,2,0,0.00%,0,0,0,0,0,8a1b5f0897,0,0,0
Financial_news_campaign,"Deep news for highly intelligent people @ Financial News",Deepnews.ai,"Dec 20, 2018 10:04 am",Thursday,2,2,0,0,0,0,0,2,100.00%,3,2,100.00%,2,0,0,0,0,de3567f829,0,0,0
Techmeme_Mediagazer_campaign,"Deep news for highly intelligent people @ MediaGazer // Techmeme",Deepnews.ai,"Dec 21, 2018 08:04 am",Friday,2,2,0,0,0,0,0,2,100.00%,4,1,50.00%,1,0,0,0,0,bc3beedd19,0,0,0
Techmeme_Mediagazer_campaign,"Deep news for highly intelligent people @ MediaGazer // Techmeme",Deepnews.ai,"Dec 21, 2018 10:04 am",Friday,2,2,0,0,0,0,0,2,100.00%,6,1,50.00%,1,0,0,0,0,be21576c56,0,0,0
NAME_campaign,"Today's news",Deepnews.ai,"Dec 22, 2018 08:04 am",Saturday,2,2,0,0,0,0,0,2,100.00%,4,0,0.00%,0,0,0,0,0,29bb8559b1,0,0,0
NAME_campaign,"Today's news",Deepnews.ai,"Dec 22, 2018 10:04 am",Saturday,2,2,0,0,0,0,0,2,100.00%,4,0,0.00%,0,0,0,0,0,4dd8ada148,0,0,0
finance_campaign,"Deep news for highly Financial People",Deepnews.ai,"Dec 23, 2018 08:04 am",Sunday,2,2,0,0,0,0,0,2,100.00%,6,0,0.00%,0,0,0,0,0,625e9cc940,0,0,0
finance_campaign,"Deep news for highly Financial People",Deepnews.ai,"Dec 23, 2018 10:04 am",Sunday,2,2,0,0,0,0,0,2,100.00%,6,0,0.00%,0,0,0,0,0,0fb45bd693,0,0,0
environment_campaign,"Deep news for highly Eco friendly people",Deepnews.ai,"Dec 25, 2018 08:04 am",Tuesday,2,2,0,0,0,0,0,2,100.00%,8,0,0.00%,0,0,0,0,0,db864327e8,0,0,0
environment_campaign,"Deep news for highly Eco friendly people",Deepnews.ai,"Dec 25, 2018 10:04 am",Tuesday,2,2,0,0,0,0,0,2,100.00%,8,0,0.00%,0,0,0,0,0,b7a28c9b13,0,0,0
politics_campaign,"Deep news for highly intelligent people @ Financial News",Deepnews.ai,"Dec 26, 2018 08:04 am",Wednesday,2,2,0,0,0,0,0,1,50.00%,2,0,0.00%,0,0,0,0,0,162ad9c264,0,0,0
politics_campaign,"Deep news for highly intelligent people @ Financial News",Deepnews.ai,"Dec 26, 2018 10:04 am",Wednesday,2,2,0,0,0,0,0,2,100.00%,3,0,0.00%,0,0,0,0,0,74eebff8ed,0,0,0
Financial_news_campaign,"Deep news for highly intelligent people @ Financial News",Deepnews.ai,"Dec 27, 2018 08:04 am",Thursday,2,2,0,0,0,0,0,2,100.00%,2,0,0.00%,0,0,0,0,0,f5cf4a82d5,0,0,0
Financial_news_campaign,"Deep news for highly intelligent people @ Financial News",Deepnews.ai,"Dec 27, 2018 10:04 am",Thursday,2,2,0,0,0,0,0,2,100.00%,2,0,0.00%,0,0,0,0,0,7a85ccb675,0,0,0
Techmeme_Mediagazer_campaign,"Deep news for highly intelligent people @ MediaGazer // Techmeme",Deepnews.ai,"Dec 28, 2018 08:04 am",Friday,2,2,0,0,0,0,0,2,100.00%,4,0,0.00%,0,0,0,0,0,4751c04509,0,0,0
Techmeme_Mediagazer_campaign,"Deep news for highly intelligent people @ MediaGazer // Techmeme",Deepnews.ai,"Dec 28, 2018 10:04 am",Friday,2,2,0,0,0,0,0,2,100.00%,4,0,0.00%,0,0,0,0,0,39170d5505,0,0,0
NAME_campaign,"Today's news",Deepnews.ai,"Dec 29, 2018 08:04 am",Saturday,2,2,0,0,0,0,0,2,100.00%,4,0,0.00%,0,0,0,0,0,92a4b368bb,0,0,0
NAME_campaign,"Today's news",Deepnews.ai,"Dec 29, 2018 10:04 am",Saturday,2,2,0,0,0,0,0,2,100.00%,4,0,0.00%,0,0,0,0,0,39ea585ed5,0,0,0
finance_campaign,"Deep news for highly Financial People",Deepnews.ai,"Dec 30, 2018 08:04 am",Sunday,2,2,0,0,0,0,0,2,100.00%,3,0,0.00%,0,0,0,0,0,cc52224240,0,0,0
finance_campaign,"Deep news for highly Financial People",Deepnews.ai,"Dec 30, 2018 10:04 am",Sunday,2,2,0,0,0,0,0,2,100.00%,3,0,0.00%,0,0,0,0,0,b33dda09cf,0,0,0
environment_campaign,"Deep news for highly Eco friendly people",Deepnews.ai,"Jan 01, 2019 08:04 am",Tuesday,2,2,0,0,0,0,0,2,100.00%,3,0,0.00%,0,0,0,0,0,129d48c5dd,0,0,0
environment_campaign,"Deep news for highly Eco friendly people",Deepnews.ai,"Jan 01, 2019 10:04 am",Tuesday,2,2,0,0,0,0,0,2,100.00%,2,0,0.00%,0,0,0,0,0,bdd0c34e26,0,0,0
politics_campaign,"Deep news for highly intelligent people @ Financial News",Deepnews.ai,"Jan 02, 2019 08:04 am",Wednesday,2,2,0,0,0,0,0,2,100.00%,7,0,0.00%,0,0,0,0,0,987eba0203,0,0,0
politics_campaign,"Deep news for highly intelligent people @ Financial News",Deepnews.ai,"Jan 02, 2019 10:04 am",Wednesday,2,2,0,0,0,0,0,2,100.00%,7,1,50.00%,1,0,0,0,0,53438af385,0,0,0
Financial_news_campaign,"Deep news for highly intelligent people @ Financial News",Deepnews.ai,"Jan 03, 2019 08:04 am",Thursday,2,2,0,0,0,0,0,2,100.00%,2,0,0.00%,0,0,0,0,0,aafabe389a,0,0,0
Financial_news_campaign,"Deep news for highly intelligent people @ Financial News",Deepnews.ai,"Jan 03, 2019 10:04 am",Thursday,2,2,0,0,0,0,0,2,100.00%,3,0,0.00%,0,0,0,0,0,12080943f5,0,0,0
Techmeme_Mediagazer_campaign,"Deep news for highly intelligent people @ MediaGazer // Techmeme",Deepnews.ai,"Jan 04, 2019 08:04 am",Friday,2,2,0,0,0,0,0,1,50.00%,1,1,50.00%,1,0,0,0,0,647833637c,0,0,0
Techmeme_Mediagazer_campaign,"Deep news for highly intelligent people @ MediaGazer // Techmeme",Deepnews.ai,"Jan 04, 2019 10:04 am",Friday,2,2,0,0,0,0,0,1,50.00%,1,0,0.00%,0,0,0,0,0,a18bd17e2c,0,0,0
NAME_campaign,"Today's news",Deepnews.ai,"Jan 05, 2019 08:04 am",Saturday,2,2,0,0,0,0,0,2,100.00%,4,0,0.00%,0,0,0,0,0,17218c7d0f,0,0,0
NAME_campaign,"Today's news",Deepnews.ai,"Jan 05, 2019 10:04 am",Saturday,2,2,0,0,0,0,0,2,100.00%,4,0,0.00%,0,0,0,0,0,b148dc26c3,0,0,0
finance_campaign,"Deep news for highly Financial People",Deepnews.ai,"Jan 06, 2019 08:04 am",Sunday,2,2,0,0,0,0,0,2,100.00%,4,0,0.00%,0,0,0,0,0,dbee70039b,0,0,0
finance_campaign,"Deep news for highly Financial People",Deepnews.ai,"Jan 06, 2019 10:04 am",Sunday,2,2,0,0,0,0,0,2,100.00%,2,0,0.00%,0,0,0,0,0,ab07c67ce8,0,0,0
environment_campaign,"Deep news for highly Eco friendly people",Deepnews.ai,"Jan 08, 2019 08:04 am",Tuesday,2,2,0,0,0,0,0,2,100.00%,2,0,0.00%,0,0,0,0,0,b87709e48a,0,0,0
environment_campaign,"Deep news for highly Eco friendly people",Deepnews.ai,"Jan 08, 2019 10:04 am",Tuesday,2,2,0,0,0,0,0,2,100.00%,2,0,0.00%,0,0,0,0,0,9827f06bd4,0,0,0
politics_campaign,"Deep news for highly intelligent people @ Financial News",Deepnews.ai,"Jan 09, 2019 08:04 am",Wednesday,2,2,0,0,0,0,0,2,100.00%,4,1,50.00%,1,0,0,0,0,3f2d6e18b0,0,0,0
politics_campaign,"Deep news for highly intelligent people @ Financial News",Deepnews.ai,"Jan 09, 2019 10:04 am",Wednesday,2,2,0,0,0,0,0,2,100.00%,4,1,50.00%,2,0,0,0,0,010f4bbac0,0,0,0
Financial_news_campaign,"Deep news for highly intelligent people @ Financial News",Deepnews.ai,"Jan 10, 2019 08:04 am",Thursday,2,2,0,0,0,0,0,2,100.00%,3,0,0.00%,0,0,0,0,0,69bc3dd845,0,0,0
Financial_news_campaign,"Deep news for highly intelligent people @ Financial News",Deepnews.ai,"Jan 10, 2019 10:04 am",Thursday,2,2,0,0,0,0,0,2,100.00%,3,0,0.00%,0,0,0,0,0,88422d2bd1,0,0,0
Techmeme_Mediagazer_campaign,"Deep news for highly intelligent people @ MediaGazer // Techmeme",Deepnews.ai,"Jan 11, 2019 08:04 am",Friday,2,2,0,0,0,0,0,2,100.00%,2,0,0.00%,0,0,0,0,0,b0f86d2d4c,0,0,0
Techmeme_Mediagazer_campaign,"Deep news for highly intelligent people @ MediaGazer // Techmeme",Deepnews.ai,"Jan 11, 2019 10:04 am",Friday,2,2,0,0,0,0,0,2,100.00%,2,0,0.00%,0,0,0,0,0,a09ce9e4c2,0,0,0
NAME_campaign,"Today's news",Deepnews.ai,"Jan 12, 2019 08:04 am",Saturday,2,2,0,0,0,0,0,2,100.00%,2,0,0.00%,0,0,0,0,0,641f4fa3c6,0,0,0
NAME_campaign,"Today's news",Deepnews.ai,"Jan 12, 2019 10:04 am",Saturday,2,2,0,0,0,0,0,1,50.00%,1,0,0.00%,0,0,0,0,0,9466d1d49d,0,0,0
finance_campaign,"Deep news for highly Financial People",Deepnews.ai,"Jan 13, 2019 08:04 am",Sunday,2,2,0,0,0,0,0,2,100.00%,2,0,0.00%,0,0,0,0,0,34654c1f32,0,0,0
finance_campaign,"Deep news for highly Financial People",Deepnews.ai,"Jan 13, 2019 10:04 am",Sunday,2,2,0,0,0,0,0,2,100.00%,2,0,0.00%,0,0,0,0,0,2ae2fbef3b,0,0,0
environment_campaign,"Deep news for highly Eco friendly people",Deepnews.ai,"Jan 15, 2019 08:04 am",Tuesday,2,2,0,0,0,0,0,2,100.00%,2,0,0.00%,0,0,0,0,0,979858e11b,0,0,0
environment_campaign,"Deep news for highly Eco friendly people",Deepnews.ai,"Jan 15, 2019 10:04 am",Tuesday,3,3,0,0,0,0,0,3,100.00%,3,0,0.00%,0,0,0,0,0,0b538bd497,0,0,0
politics_campaign,"Deep news for highly intelligent people @ Financial News",Deepnews.ai,"Jan 16, 2019 08:04 am",Wednesday,3,3,0,0,0,0,0,3,100.00%,3,0,0.00%,0,0,0,0,0,54e55a2757,0,0,0
politics_campaign,"Deep news for highly intelligent people @ Financial News",Deepnews.ai,"Jan 16, 2019 10:04 am",Wednesday,3,3,0,0,0,0,0,3,100.00%,3,0,0.00%,0,0,0,0,0,ebe9f7ea94,0,0,0
Financial_news_campaign,"Deep news for highly intelligent people @ Financial News",Deepnews.ai,"Jan 17, 2019 08:04 am",Thursday,3,3,0,0,0,0,0,3,100.00%,3,0,0.00%,0,0,0,0,0,0b93802348,0,0,0
Financial_news_campaign,"Deep news for highly intelligent people @ Financial News",Deepnews.ai,"Jan 17, 2019 10:04 am",Thursday,3,3,0,0,0,0,0,3,100.00%,4,0,0.00%,0,0,0,0,0,757c2f7293,0,0,0
Techmeme_Mediagazer_campaign,"Deep news for highly intelligent people @ MediaGazer // Techmeme",Deepnews.ai,"Jan 18, 2019 10:04 am",Friday,3,3,0,0,0,0,0,2,66.67%,2,0,0.00%,0,0,0,0,0,6b374d2e4c,0,0,0
NAME_campaign,"Today's news",Deepnews.ai,"Jan 19, 2019 10:04 am",Saturday,3,3,0,0,0,0,0,1,33.33%,1,0,0.00%,0,0,0,0,0,413a8ec47a,0,0,0
finance_campaign,"Deep news for highly Financial People",Deepnews.ai,"Jan 20, 2019 10:04 am",Sunday,3,3,0,0,0,0,0,2,66.67%,2,0,0.00%,0,0,0,0,0,30bf59f27e,0,0,0
environment_campaign,"Deep news for highly Eco friendly people",Deepnews.ai,"Jan 22, 2019 10:04 am",Tuesday,3,3,0,0,0,0,0,3,100.00%,4,1,33.33%,2,0,0,0,0,41596343f7,0,0,0
politics_campaign,"Deep news for highly intelligent people @ Financial News",Deepnews.ai,"Jan 23, 2019 10:04 am",Wednesday,3,3,0,0,0,0,0,1,33.33%,1,0,0.00%,0,0,0,0,0,a275e50406,0,0,0
Financial_news_campaign,"Deep news for highly intelligent people @ Financial News",Deepnews.ai,"Jan 24, 2019 10:04 am",Thursday,3,3,0,0,0,0,0,2,66.67%,3,0,0.00%,0,0,0,0,0,9dd638d5c3,0,0,0
Techmeme_Mediagazer_campaign,"Deep news for highly intelligent people @ MediaGazer // Techmeme",Deepnews.ai,"Jan 25, 2019 10:04 am",Friday,3,3,0,0,0,0,0,1,33.33%,1,0,0.00%,0,0,0,0,0,71944b86a5,0,0,0
NAME_campaign,"Today's news",Deepnews.ai,"Jan 26, 2019 10:04 am",Saturday,3,3,0,0,0,0,0,1,33.33%,1,0,0.00%,0,0,0,0,0,f6e3286608,0,0,0
finance_campaign,"Deep news for highly Financial People",Deepnews.ai,"Jan 27, 2019 10:04 am",Sunday,3,3,0,0,0,0,0,2,66.67%,2,0,0.00%,0,0,0,0,0,874f2dca20,0,0,0
environment_campaign,"Deep news for highly Eco friendly people",Deepnews.ai,"Jan 29, 2019 10:04 am",Tuesday,3,3,0,0,0,0,0,1,33.33%,1,0,0.00%,0,0,0,0,0,7067efc64a,0,0,0
"20 mars test Cht+FF ","Monday Note #899- test christophe fred","Tests MN ChT-FF","Mar 21, 2019 01:40 pm",Thursday,3,3,0,0,0,0,0,2,66.67%,2,0,0.00%,0,0,0,0,0,eb8ee8b344,0,0,0
"Monday Note#533 -  Credder Wants a “Rotten Tomatoes” for News - Apple Store Misdirections","Credder Wants to Create a “Rotten Tomatoes” for News (FF) - Apple Store Misdirections (JLG)",ALL_from_madmimi,"Mar 24, 2019 10:32 pm",Sunday,12818,12685,99,34,133,0,0,4880,38.47%,8579,379,2.99%,705,16,1,0,0,fea440b66d,0,0,0
"Monday Note#533 -","Creating  a “Rotten Tomatoes” for News (FF) - Apple Store Misdirected Message (JLG)",ALL_from_madmimi,"Mar 27, 2019 01:57 pm",Wednesday,8105,8001,101,3,104,0,0,1281,16.01%,1854,82,1.02%,134,7,0,0,0,5ddf675753,0,0,0
"MN #534","Monday Note #534 - Apple News+ and the value destruction for the magazine industry (FF) - Who’s Minding The Macintosh Store? (JLG)",ALL_from_madmimi,"Apr 01, 2019 08:52 am",Monday,12763,12653,105,5,110,0,0,4513,35.67%,9252,309,2.44%,518,12,0,0,0,3cf0a4e392,0,0,0
"MN #534 (copy 01)","Monday Note #534 - Apple News+ and the value destruction for the magazine industry (FF) - Who’s Minding The Macintosh Store? (JLG)",ALL_from_madmimi,"Apr 04, 2019 07:37 am",Thursday,6236,6134,55,47,102,0,0,865,14.10%,1515,42,0.68%,52,5,0,0,0,636df038ac,0,0,0
#535,"Monday Note #535 - The Apple Services Misunderstanding (JLG) - Facebook's Regulation (FF - archives)",ALL_from_madmimi,"Apr 07, 2019 08:13 pm",Sunday,12697,12626,69,2,71,0,0,4758,37.68%,9118,269,2.13%,434,14,0,0,0,bc0183b927,0,0,0
"#536 Sub  Frenzy (1/2)","Monday Note #536 - Winners and losers of the subscription frenzy (1/2)",ALL_from_madmimi,"Apr 16, 2019 03:58 am",Tuesday,12682,12610,19,53,72,0,0,4752,37.68%,10799,250,1.98%,346,10,1,0,0,15ba2cc2ff,0,0,0
"#537 -sub battelield","Monday Note #537 - Mapping the Brutal Subscription Battlefield (FF) France’s Yellow Vests Challenge (JLG)",ALL_from_madmimi,"Apr 22, 2019 06:27 am",Monday,12622,12577,28,17,45,0,0,4928,39.18%,9511,411,3.27%,625,9,0,0,0,3a477a3ab0,0,0,0
"#537 -sub battelield (copy 01)","Monday Note #537 - Mapping the Brutal Subscription Battlefield (FF) France’s Yellow Vests Challenge (JLG)",ALL_from_madmimi,"Apr 25, 2019 10:35 am",Thursday,7914,7875,25,14,39,0,0,1500,19.05%,2390,93,1.18%,160,10,0,0,0,5e56df562d,0,0,0
"#538 -winnng wars (jlg only)","Monday Note #528 - First Winning Wars, Only To Lose Them Later (JLG)",ALL_from_madmimi,"Apr 28, 2019 07:58 pm",Sunday,12609,12583,23,3,26,0,0,4711,37.44%,8720,466,3.70%,742,17,0,0,0,94f24b5dab,0,0,0
"539 - CEO can write (jlg only)","Monday Note #539 - A CEO Who Can Write — Part II (JLG)",ALL_from_madmimi,"May 05, 2019 06:59 pm",Sunday,12598,12554,30,14,44,0,0,4828,38.46%,9258,462,3.68%,723,14,0,0,0,329e17b2eb,0,0,0
"Deepnews Digest: Lyft IPO","Deepnews Digest: Lyft IPO",liste_interne,"May 06, 2019 02:35 pm",Monday,3,3,0,0,0,0,0,1,33.33%,2,1,33.33%,1,0,0,0,0,e21e529ad6,0,0,0
"Deepnews Digest","The Deepnews Digest",liste_interne,"May 06, 2019 05:08 pm",Monday,3,3,0,0,0,0,0,3,100.00%,11,3,100.00%,9,0,0,0,0,2935fab25a,0,0,0
"Alpha testers","Alpha testing the Deepnews Digest newsletter","Deepnews Digest","May 07, 2019 02:42 pm",Tuesday,3,3,0,0,0,0,0,3,100.00%,6,2,66.67%,7,1,0,0,0,6d53b9ac87,0,0,0
"Alpha testers (copy 01)","Alpha testing the Deepnews Digest newsletter","Deepnews Digest","May 07, 2019 03:16 pm",Tuesday,3,3,0,0,0,0,0,3,100.00%,6,0,0.00%,0,0,0,0,0,0bb01ce864,0,0,0
"Alpha testers (copy 02)","Alpha testing the Deepnews Digest newsletter","Deepnews Digest","May 07, 2019 04:49 pm",Tuesday,4,4,0,0,0,0,0,3,75.00%,8,0,0.00%,0,0,0,0,0,a715950ad2,0,0,0
"Alpha testers (copy 03)","Alpha testing the Deepnews Digest newsletter","Deepnews Digest","May 07, 2019 05:08 pm",Tuesday,4,4,0,0,0,0,0,4,100.00%,9,0,0.00%,0,0,0,0,0,234d874162,0,0,0
"Alpha testers (copy 04)","Alpha testing the Deepnews Digest newsletter","Deepnews Digest","May 08, 2019 01:02 pm",Wednesday,41,41,0,0,0,0,0,36,87.80%,95,4,9.76%,4,0,0,0,0,3683d6cc3d,0,0,0
"Deepnews digest 1","[INTERNE]Deepnews Digest : Uber Under the IPO Pressure",liste_interne,"May 10, 2019 02:51 pm",Friday,3,3,0,0,0,0,0,3,100.00%,6,2,66.67%,4,0,0,0,0,602bc84eb1,0,0,0
"Deepnews digest 1","[INTERNE]Deepnews Digest : Uber Under the IPO Pressure",liste_interne,"May 10, 2019 03:43 pm",Friday,4,4,0,0,0,0,0,3,75.00%,4,1,25.00%,1,0,0,0,0,cc97102561,0,0,0
"Deepnews digest 1","[INTERNE]Deepnews Digest : Uber Under the IPO Pressure",liste_interne,"May 10, 2019 04:03 pm",Friday,4,4,0,0,0,0,0,4,100.00%,9,0,0.00%,0,0,0,0,0,1ba2f17c2d,0,0,0
"Deepnews digest 1","[INTERNE]Deepnews Digest : Uber Under the IPO Pressure",for_victor,"May 10, 2019 04:17 pm",Friday,1,1,0,0,0,0,0,1,100.00%,1,0,0.00%,0,0,0,0,0,8e1d4aea8a,0,0,0
"Deepnews digest 1","[INTERNE]Deepnews Digest : Uber Under the IPO Pressure",for_victor,"May 10, 2019 04:19 pm",Friday,1,1,0,0,0,0,0,1,100.00%,1,0,0.00%,0,0,0,0,0,e132e903a6,0,0,0
"Deepnews digest 1","[INTERNE]Deepnews Digest : Uber Under the IPO Pressure",for_victor,"May 10, 2019 04:33 pm",Friday,1,1,0,0,0,0,0,1,100.00%,1,0,0.00%,0,0,0,0,0,dd7c6d5b43,0,0,0
"Deepnews digest 1","[INTERNE]Deepnews Digest : Uber Under the IPO Pressure",for_victor,"May 10, 2019 04:35 pm",Friday,1,1,0,0,0,0,0,1,100.00%,1,0,0.00%,0,0,0,0,0,0746af8392,0,0,0
"Deepnews digest 1","[INTERNE]Deepnews Digest : Uber Under the IPO Pressure",for_victor,"May 10, 2019 04:43 pm",Friday,1,1,0,0,0,0,0,1,100.00%,1,0,0.00%,0,0,0,0,0,d706e02c8e,0,0,0
"Deepnews digest 1","[INTERNE]Deepnews Digest : Uber Under the IPO Pressure",for_victor,"May 10, 2019 04:44 pm",Friday,1,1,0,0,0,0,0,1,100.00%,1,0,0.00%,0,0,0,0,0,018cb5f175,0,0,0
"Deepnews digest 1","[INTERNE]Deepnews Digest : Uber Under the IPO Pressure",liste_interne,"May 10, 2019 04:48 pm",Friday,4,4,0,0,0,0,0,4,100.00%,5,0,0.00%,0,0,0,0,0,34c2429382,0,0,0
"Deepnews digest 1","[INTERNE]Deepnews Digest : Uber Under the IPO Pressure",liste_interne,"May 10, 2019 04:52 pm",Friday,4,4,0,0,0,0,0,4,100.00%,5,0,0.00%,0,0,0,0,0,6297ee5fe1,0,0,0
"Deepnews digest 1","[INTERNE]Deepnews Digest : Uber Under the IPO Pressure",liste_interne,"May 10, 2019 04:59 pm",Friday,4,4,0,0,0,0,0,4,100.00%,5,2,50.00%,5,0,0,0,0,062814cde7,0,0,0
"Deepnews digest out","Deepnews Digest : Uber Faces the IPO Test","Deepnews Digest","May 10, 2019 05:24 pm",Friday,45,45,0,0,0,0,0,29,64.44%,77,9,20.00%,86,0,0,0,4459,a6ff178521,0,0,0
"#540 confusion FF only","Monday Note #540 - Confusing Facebook With the Internet is the Perfect Storm for Fake News by Frederic Filloux",ALL_from_madmimi,"May 12, 2019 08:32 pm",Sunday,12580,12556,20,4,24,0,0,4889,38.94%,8899,199,1.58%,294,18,0,0,0,2b8c651a2c,0,0,0
"[INTERN] Deepnews digest","US-China Trade War: There Will Be Blood",liste_interne,"May 17, 2019 09:04 am",Friday,4,4,0,0,0,0,0,4,100.00%,8,2,50.00%,9,0,0,0,0,f6689fb919,0,0,0
"[INTERN] Deepnews digest","US-China Trade War: There Will Be Blood",liste_interne,"May 17, 2019 02:30 pm",Friday,4,4,0,0,0,0,0,4,100.00%,7,0,0.00%,0,0,0,0,0,8fb7769e9c,0,0,0
"[INTERN] Deepnews digest","US-China Trade War: There Will Be Blood",liste_interne,"May 17, 2019 03:09 pm",Friday,4,4,0,0,0,0,0,4,100.00%,8,0,0.00%,0,0,0,0,0,f676306839,0,0,0
"Deepnews digest","US-China Trade War: There Will Be Blood","Deepnews Digest","May 17, 2019 03:36 pm",Friday,48,48,0,0,0,0,0,34,70.83%,78,6,12.50%,45,0,0,0,4459,2f53242732,0,0,0
"Monday Note #541 - ","Monday Note #541 - “The Signals” Wants to Be a Full Ecosystem for Whistleblowers (FF) - Tesla: Insane or Clever (JLG)",ALL_from_madmimi,"May 19, 2019 09:57 pm",Sunday,12573,12543,18,12,30,0,0,4618,36.82%,8479,358,2.85%,719,19,0,0,0,50a7efd865,0,0,0
"Deepnews digest","[INTERNE]Infected Elections Across The World",liste_interne,"May 24, 2019 12:36 pm",Friday,4,4,0,0,0,0,0,4,100.00%,7,1,25.00%,6,0,0,0,0,d72dc59bf4,0,0,0
"Deepnews digest","[INTERNE]Infected Elections Across The World",liste_interne,"May 24, 2019 02:28 pm",Friday,4,4,0,0,0,0,0,3,75.00%,4,0,0.00%,0,0,0,0,0,f779ac9184,0,0,0
"Deepnews digest","[INTERNE]Infected Elections Across The World",liste_interne,"May 24, 2019 02:31 pm",Friday,4,4,0,0,0,0,0,3,75.00%,5,0,0.00%,0,0,0,0,0,284ad1e013,0,0,0
"Deepnews digest","[INTERNE]Infected Elections",liste_interne,"May 24, 2019 02:35 pm",Friday,4,4,0,0,0,0,0,4,100.00%,5,0,0.00%,0,0,0,0,0,8cef10cd2b,0,0,0
"Deepnews digest","[INTERNE]Infected Elections",liste_interne,"May 24, 2019 02:36 pm",Friday,4,4,0,0,0,0,0,4,100.00%,5,1,25.00%,4,0,0,0,0,fbad617029,0,0,0
"Deepnews digest","[INTERNE]Infected Elections",liste_interne,"May 24, 2019 02:39 pm",Friday,4,4,0,0,0,0,0,4,100.00%,7,0,0.00%,0,0,0,0,0,0e4dc11fdf,0,0,0
"Deepnews digest","[INTERNE]Infected Elections",liste_interne,"May 24, 2019 04:59 pm",Friday,4,4,0,0,0,0,0,3,75.00%,5,2,50.00%,6,0,0,0,0,ddcded8224,0,0,0
"Deepnews digest","Infected Elections","Deepnews Digest","May 24, 2019 05:29 pm",Friday,49,49,0,0,0,0,0,34,69.39%,69,7,14.29%,23,0,0,0,4459,552e1fbfaf,0,0,0
"MN #542","Monday Note #542 - Tesla vs? Waymo",ALL_from_madmimi,"May 26, 2019 06:34 pm",Sunday,12583,12560,17,6,23,0,0,4736,37.71%,9901,250,1.99%,357,16,0,0,0,0586d97939,0,0,0
"#543 - trump & apple car","Monday Note #543 - Trump’s Digital Campaign for 2020 Is Already Soaring (FF) — Apple Car Dreams (JLG)",ALL_from_madmimi,"Jun 02, 2019 05:32 pm",Sunday,12577,12549,17,11,28,0,0,5024,40.04%,10387,383,3.05%,687,10,1,0,0,5c1f81de72,0,0,0
"Deepnews digest","[INTERNE]Clean Green European Machine?",liste_interne,"Jun 03, 2019 02:44 pm",Monday,4,4,0,0,0,0,0,4,100.00%,7,1,25.00%,3,0,0,0,0,d0877ddc13,0,0,0
"Deepnews digest","Clean Green European Machine?","Deepnews Digest","Jun 03, 2019 03:40 pm",Monday,49,49,0,0,0,0,0,30,61.22%,55,5,10.20%,44,0,0,0,4459,40d13c2c6a,0,0,0
"Alpha testers - Survey test","Deepnews Digest feedback survey","Deepnews Digest","Jun 05, 2019 03:10 pm",Wednesday,3,3,0,0,0,0,0,2,66.67%,3,0,0.00%,0,0,0,0,0,b902f5b8ad,0,0,0
"Alpha testers - Survey","Deepnews Digest feedback survey","Deepnews Digest","Jun 05, 2019 03:17 pm",Wednesday,49,49,0,0,0,0,0,37,75.51%,72,0,0.00%,0,0,0,0,0,577f4c6350,0,0,0
"#543 - trump & apple car (copy 01)","Monday Note #543 - Trump’s Digital Campaign for 2020 Is Already Soaring (FF) — Apple Car Dreams (JLG)",ALL_from_madmimi,"Jun 06, 2019 02:33 pm",Thursday,7750,7729,15,6,21,0,0,1314,17.00%,1865,38,0.49%,54,4,0,0,0,b004745bb0,0,0,0
"Deepnews digest","[INTERN]Runs the World (Cup)? Girls",liste_interne,"Jun 07, 2019 09:44 am",Friday,4,4,0,0,0,0,0,4,100.00%,7,1,25.00%,2,0,0,0,0,c87466a1bc,0,0,0
"Deepnews digest","[INTERN]Who Runs the World (Cup)? Girls",liste_interne,"Jun 07, 2019 09:57 am",Friday,4,4,0,0,0,0,0,4,100.00%,10,2,50.00%,4,0,0,0,0,b4ecf9f3b8,0,0,0
"Deepnews digest","Who Runs the World (Cup)? Girls","Deepnews Digest","Jun 07, 2019 10:10 am",Friday,49,49,0,0,0,0,0,35,71.43%,69,5,10.20%,18,0,0,0,4459,133b8c4aa0,0,0,0
"#545 - Deepnews Digest  & MacPro","Monday Note #545 - Introducing Deepnews Digest (FF) — Mac Pro: Fooled You! ( JLG)",ALL_from_madmimi,"Jun 09, 2019 08:08 pm",Sunday,12572,12559,8,5,13,0,0,5104,40.64%,9826,843,6.71%,1377,17,1,0,0,26315724f6,0,0,0
"Deepnews digest","[INTERNE]South China in the Streets",liste_interne,"Jun 14, 2019 08:24 am",Friday,4,4,0,0,0,0,0,4,100.00%,6,3,75.00%,10,0,0,0,0,a70d1a401b,0,0,0
"Deepnews digest","[INTERNE]South China in the Streets",liste_interne,"Jun 14, 2019 10:30 am",Friday,4,4,0,0,0,0,0,4,100.00%,4,1,25.00%,9,0,0,0,0,181a5e8e71,0,0,0
"Deepnews digest","[INTERNE]South China in the Streets",liste_interne,"Jun 14, 2019 11:15 am",Friday,4,4,0,0,0,0,0,2,50.00%,3,1,25.00%,8,0,0,0,0,c042756212,0,0,0
"Deepnews digest #6","South China in the Streets","Deepnews Digest","Jun 14, 2019 11:23 am",Friday,1225,1189,13,23,36,0,0,681,57.28%,1280,114,9.59%,198,14,0,0,4459,599a1c0720,0,0,0
"Deepnews digest #7","Libra raise!",liste_interne,"Jun 21, 2019 09:58 am",Friday,4,4,0,0,0,0,0,3,75.00%,9,3,75.00%,14,0,0,0,0,1390d199a3,0,0,0
"Deepnews digest #7","Libra Rising","Deepnews Digest","Jun 21, 2019 11:00 am",Friday,1258,1245,12,1,13,0,0,708,56.87%,1561,154,12.37%,359,5,0,0,4459,914a11ffca,0,0,0
"Deepnews digest #8","[interne] Enter Candidates, Stage Left",liste_interne,"Jun 28, 2019 09:08 am",Friday,4,4,0,0,0,0,0,4,100.00%,5,2,50.00%,6,0,0,0,0,e1473163c5,0,0,0
"Deepnews digest #8","Enter Candidates, Stage Left","Deepnews Digest","Jun 28, 2019 11:02 am",Friday,1298,1284,13,1,14,0,0,672,52.34%,1296,126,9.81%,265,5,0,0,4459,a2a484d777,0,0,0
"#546 - Libra (A/B on subject)",,ALL_from_madmimi,"Jun 30, 2019 07:11 pm",Sunday,12598,12556,26,16,42,0,0,5144,40.97%,10535,337,2.68%,0,18,0,0,0,7804fe332e,0,0,0
"#546 - Libra (A/B on subject) | Combo 1","Monday Note #546 - Nipping Libra in the Bud, by Frederic Filloux",ALL_from_madmimi,"Jun 30, 2019 07:11 pm",Sunday,3150,3138,8,4,12,0,0,1329,42.35%,2509,76,2.42%,101,5,0,0,0,6c9fb757e6,0,0,0
"#546 - Libra (A/B on subject) | Combo 2","Monday Note #546 - Facebook's Libra Must Be Stopped in its Tracks, by Frederic Filloux",ALL_from_madmimi,"Jun 30, 2019 07:11 pm",Sunday,3149,3142,3,4,7,0,0,1339,42.62%,2843,98,3.12%,146,3,0,0,0,dd23c8343b,0,0,0
"#546 - Libra (A/B on subject) | Winner","Monday Note #546 - Facebook's Libra Must Be Stopped in its Tracks, by Frederic Filloux",ALL_from_madmimi,"Jul 01, 2019 07:11 am",Monday,6299,6276,15,8,23,0,0,2476,39.45%,5183,163,2.60%,252,10,0,0,0,2b82996de9,0,0,0
"Deepnews digest #9","Enter Candidates, Stage Left",for_victor,"Jul 03, 2019 01:13 pm",Wednesday,1,1,0,0,0,0,0,1,100.00%,1,0,0.00%,0,0,0,0,0,7ffd555964,0,0,0
"Deepnews digest #9","Enter Candidates",for_victor,"Jul 03, 2019 01:17 pm",Wednesday,1,1,0,0,0,0,0,1,100.00%,1,0,0.00%,0,0,0,0,0,3f9784359e,0,0,0
"Deepnews digest #9","Enter Candidates",for_victor,"Jul 03, 2019 01:23 pm",Wednesday,2,2,0,0,0,0,0,2,100.00%,2,0,0.00%,0,0,0,0,0,343900fc58,0,0,0
"Deepnews digest #9","Enter Candidates",for_victor,"Jul 03, 2019 01:29 pm",Wednesday,2,2,0,0,0,0,0,2,100.00%,2,0,0.00%,0,0,0,0,0,177cecb7fe,0,0,0
"Testing templates","Stage left",for_victor,"Jul 03, 2019 01:31 pm",Wednesday,2,2,0,0,0,0,0,2,100.00%,4,1,50.00%,1,0,0,0,0,9eb75517f2,0,0,0
"Testing templates","Stage left",for_victor,"Jul 03, 2019 01:48 pm",Wednesday,2,2,0,0,0,0,0,2,100.00%,2,0,0.00%,0,0,0,0,0,0221405506,0,0,0
"Testing templates","New title with less majuscules",for_victor,"Jul 03, 2019 01:50 pm",Wednesday,2,2,0,0,0,0,0,2,100.00%,2,0,0.00%,0,0,0,0,0,79cb44fa59,0,0,0
"Testing templates","New title with less majuscules",for_victor,"Jul 03, 2019 01:51 pm",Wednesday,2,2,0,0,0,0,0,2,100.00%,2,0,0.00%,0,0,0,0,0,51d196bb00,0,0,0
"Testing templates","New test in english ",for_victor,"Jul 03, 2019 01:54 pm",Wednesday,2,2,0,0,0,0,0,2,100.00%,3,0,0.00%,0,0,0,0,0,9d6482b7ae,0,0,0
"Testing templates","New way of doing things",for_victor,"Jul 03, 2019 02:01 pm",Wednesday,2,2,0,0,0,0,0,2,100.00%,2,0,0.00%,0,0,0,0,0,3dfbe5da23,0,0,0
"Testing templates","ok so brand new way",for_victor,"Jul 03, 2019 02:04 pm",Wednesday,2,2,0,0,0,0,0,2,100.00%,2,0,0.00%,0,0,0,0,0,c9b3f5edf0,0,0,0
"Deepnews Digest #9","[intern] Hong Kong Protests Reignite",liste_interne,"Jul 05, 2019 09:13 am",Friday,5,5,0,0,0,0,0,3,60.00%,14,1,20.00%,3,0,0,0,0,ef2b525473,0,0,0
"Deepnews Digest #9","[intern] Hong Kong Protests Reignite",liste_interne,"Jul 05, 2019 09:41 am",Friday,5,5,0,0,0,0,0,3,60.00%,9,0,0.00%,0,0,0,0,0,a0fd8b6b9a,0,0,0
"Deepnews Digest #9","[intern] Hong Kong Protests Reignite",liste_interne,"Jul 05, 2019 09:51 am",Friday,5,5,0,0,0,0,0,5,100.00%,11,1,20.00%,1,0,0,0,0,7d4077688a,0,0,0
"Deepnews Digest #9","Hong Kong Protests Reignite","Deepnews Digest","Jul 05, 2019 11:02 am",Friday,1489,1474,13,2,15,0,0,741,50.27%,1305,81,5.50%,154,15,1,0,4459,08a6d3eb5a,0,0,0
"#547-News Rejection & Jony Ive","#547 - News Rejection is Mostly Media’s Fault (FF) - Apple: Misunderstanding Design And Jony Ive’s Role (JLG)",ALL_from_madmimi,"Jul 08, 2019 03:24 am",Monday,12582,12544,28,10,38,0,0,5086,40.55%,10425,555,4.42%,1108,31,0,0,0,ae422cfe39,0,0,0
"Deepnews Digest #10","International pressure over nuclear escalation",liste_interne,"Jul 12, 2019 10:59 am",Friday,5,5,0,0,0,0,0,4,80.00%,7,0,0.00%,0,0,0,0,0,f74c352bfe,0,0,0
"Deepnews Digest #10","Iran's Enrichment Revived",liste_interne,"Jul 12, 2019 11:07 am",Friday,5,5,0,0,0,0,0,4,80.00%,10,1,20.00%,5,0,0,0,0,d91235387e,0,0,0
"Deepnews Digest #10","Iran's Enrichment Revived",liste_interne,"Jul 12, 2019 11:27 am",Friday,5,5,0,0,0,0,0,4,80.00%,14,0,0.00%,0,0,0,0,0,e39009b4ba,0,0,0
"Deepnews Digest #10","Iran's Enrichment Revived",liste_interne,"Jul 12, 2019 11:29 am",Friday,5,5,0,0,0,0,0,6,120.00%,16,1,20.00%,5,0,0,0,0,b35aeecbfd,0,0,0
"Deepnews Digest #10","Iran's Enrichment Revived","Deepnews Digest","Jul 12, 2019 11:42 am",Friday,1588,1572,14,2,16,0,0,788,50.13%,1279,91,5.79%,187,10,0,0,4459,9c7b63ad83,0,0,0
"#548- influencers + mac forks","Monday Note #548 - The Rise of Influencers and the Decay of Journalism (FF — Apple: Macintosh Forks (JLG)",ALL_from_madmimi,"Jul 15, 2019 09:25 am",Monday,12571,12538,23,10,33,0,0,4894,39.03%,8911,505,4.03%,824,15,1,0,0,fa15fcac14,0,0,0
"Deepnews Digest #11","Boris Johnson and the Hunt for Downing Street",liste_interne,"Jul 19, 2019 10:33 am",Friday,5,5,0,0,0,0,0,5,100.00%,9,0,0.00%,0,0,0,0,0,b70da2e2af,0,0,0
"Deepnews Digest #11","Boris Johnson and the Hunt for Downing Street",liste_interne,"Jul 19, 2019 10:34 am",Friday,5,5,0,0,0,0,0,5,100.00%,10,4,80.00%,8,0,0,0,0,6e7fe342e9,0,0,0
"Deepnews Digest #11","Boris Johnson and the Hunt for Downing Street",liste_interne,"Jul 19, 2019 10:54 am",Friday,5,5,0,0,0,0,0,5,100.00%,9,2,40.00%,6,0,0,0,0,a98741e98d,0,0,0
"Deepnews Digest #11","Boris Johnson and the Hunt for Downing Street","Deepnews Digest","Jul 19, 2019 11:02 am",Friday,1627,1612,4,11,15,0,0,850,52.73%,1573,143,8.87%,321,10,1,0,4459,136f148fea,0,0,0
"#549 - distrib & trust + iPad","MondayNote #549 - Trust in News is Correlated to Distribution Modes (FF) — Apple: No Macintosh Forks. But The iPad… (JLG)",ALL_from_madmimi,"Jul 22, 2019 04:15 am",Monday,12568,12529,31,8,39,0,0,4718,37.66%,8547,355,2.83%,639,19,0,0,0,81548da7c4,0,0,0
"#549 - distrib & trust + iPad (copy 01)","MondayNote #549 - Trust in News is Correlated to Distribution Modes (FF) — Apple: No Macintosh Forks. But The iPad… (JLG)",ALL_from_madmimi,"Jul 25, 2019 09:31 am",Thursday,8087,8055,27,5,32,0,0,1406,17.45%,1839,52,0.65%,104,8,0,0,0,dc5e81424c,0,0,0
"Deepnews Digest #12","FaceApp face facts",liste_interne,"Jul 26, 2019 10:33 am",Friday,5,5,0,0,0,0,0,5,100.00%,12,4,80.00%,30,0,0,0,0,97fea29e3b,0,0,0
"Deepnews Digest #12","FaceApp faces facts",liste_interne,"Jul 26, 2019 10:52 am",Friday,5,5,0,0,0,0,0,4,80.00%,10,1,20.00%,1,0,0,0,0,e1db32e76d,0,0,0
"Deepnews Digest #12","FaceApp faces facts",liste_interne,"Jul 26, 2019 10:59 am",Friday,5,5,0,0,0,0,0,4,80.00%,10,0,0.00%,0,0,0,0,0,e5452dadfe,0,0,0
"Deepnews Digest #12","FaceApp faces facts",liste_interne,"Jul 26, 2019 11:00 am",Friday,5,5,0,0,0,0,0,5,100.00%,16,2,40.00%,3,0,0,0,0,747f135166,0,0,0
"Deepnews Digest #12","FaceApp faces facts","Deepnews Digest","Jul 26, 2019 11:12 am",Friday,1646,1641,5,0,5,0,0,804,48.99%,1314,112,6.83%,192,6,1,0,4459,69f3f086ea,0,0,0
"550 - consumer trends + Tesla losses","Monday Note #550 -   The Consumer Trends That Destroyed Media’s Business Model (FF) — Tesla: Cash Is A Fact. Profit Is An Opinion (JLG)",ALL_from_madmimi,"Jul 29, 2019 03:27 am",Monday,12548,12517,24,7,31,0,0,4878,38.97%,9450,396,3.16%,668,12,0,0,0,52609c256a,0,0,0
"Deepnews view #1: Autonomous vehicles","Deepnews View: Autonomous vehicles",Deepnews.ai,"Jul 30, 2019 09:03 am",Tuesday,4,4,0,0,0,0,0,3,75.00%,9,2,50.00%,2,0,0,0,0,6d7ca85725,0,0,0
"Deepnews view #1: Autonomous vehicles (query 2)","Deepnews View: Autonomous vehicles (query 2)",Deepnews.ai,"Jul 30, 2019 11:55 am",Tuesday,4,4,0,0,0,0,0,4,100.00%,9,1,25.00%,1,0,0,0,0,a608a11d9c,0,0,0
"[Re-sent] 550 - consumer trends + Tesla losses","Monday Note #550 -   The Consumer Trends That Destroyed Media’s Business Model (FF) — Tesla: Cash Is A Fact. Profit Is An Opinion (JLG)",ALL_from_madmimi,"Jul 31, 2019 08:05 pm",Wednesday,7934,7906,23,5,28,0,0,1344,17.00%,2217,74,0.94%,388,9,1,0,0,f182e7098a,0,0,0
"Deepnews Digest #13: Street smarts","Street smarts",liste_interne,"Aug 02, 2019 10:22 am",Friday,5,5,0,0,0,0,0,3,60.00%,7,2,40.00%,3,0,0,0,0,e369ef8fc4,0,0,0
"Deepnews Digest #13: Street smarts","Street smarts",liste_interne,"Aug 02, 2019 10:45 am",Friday,5,5,0,0,0,0,0,3,60.00%,4,0,0.00%,0,0,0,0,0,ddb40c17d7,0,0,0
"Deepnews Digest #13: Street smarts","Street smarts",liste_interne,"Aug 02, 2019 10:50 am",Friday,5,5,0,0,0,0,0,4,80.00%,9,2,40.00%,5,0,0,0,0,072ca5397e,0,0,0
"Deepnews Digest #13: Street smarts","Street smarts","Deepnews Digest","Aug 02, 2019 11:01 am",Friday,1714,1709,3,2,5,0,0,921,53.89%,1792,130,7.61%,301,10,0,0,4459,7b7b4ffdba,0,0,0
"561-Apple no longer the iPhone co. (JLG solo)","Monday Note #561 - Good News: Apple No Longer Is The iPhone Company (J.-L. Gassée)",ALL_from_madmimi,"Aug 05, 2019 05:16 am",Monday,12542,12513,20,9,29,0,0,4806,38.41%,7944,389,3.11%,604,19,0,0,0,c51d18ed71,0,0,0
"Deepnews Digest #14: Under the Influencers","Under the Influencers",liste_interne,"Aug 09, 2019 08:16 am",Friday,5,5,0,0,0,0,0,5,100.00%,11,2,40.00%,14,0,0,0,0,c24e7f39b2,0,0,0
"Deepnews Digest #14: Under the Influencers","Under the Influencers",liste_interne,"Aug 09, 2019 09:36 am",Friday,5,5,0,0,0,0,0,4,80.00%,8,3,60.00%,15,0,0,0,0,cf0ec7f2b9,0,0,0
"Deepnews Digest #14: Under the Influencers","Under the Influencers",liste_interne,"Aug 09, 2019 10:06 am",Friday,5,5,0,0,0,0,0,4,80.00%,6,2,40.00%,9,0,0,0,0,30addf2f42,0,0,0
"Deepnews Digest #14: Under the Influencers","Under the Influencers","Deepnews Digest","Aug 09, 2019 11:03 am",Friday,1765,1761,3,1,4,0,0,971,55.14%,1714,213,12.10%,418,7,1,0,4459,ff0257f0b7,0,0,0
"#552 - Toyota Electric (JLG solo)","Monday Note #552 - Toyota Electric Vehicles: Where Are They? (JL Gassée)",ALL_from_madmimi,"Aug 11, 2019 09:28 pm",Sunday,12527,12499,19,9,28,0,0,4737,37.90%,8244,391,3.13%,618,16,0,0,0,e1cdb17524,0,0,0
"Deepnews Digest: Autonomous","Under the Influencers",liste_interne,"Aug 13, 2019 01:55 pm",Tuesday,5,5,0,0,0,0,0,3,60.00%,5,0,0.00%,0,0,0,0,0,038a034599,0,0,0
"Deepnews Digest: Autonomous","Undercover victor is ceo of Deepnews.ai",test_deepnews_reviews,"Aug 13, 2019 05:17 pm",Tuesday,2,2,0,0,0,0,0,2,100.00%,6,1,50.00%,2,0,0,0,0,62e64dfe68,0,0,0
"Deepnews Digest: Autonomous","Undercover victor ceo of Deepnews.ai",test_deepnews_reviews,"Aug 13, 2019 06:09 pm",Tuesday,2,2,0,0,0,0,0,1,50.00%,2,0,0.00%,0,0,0,0,0,77d462699a,0,0,0
"Deepnews Digest: Autonomous",Oui,test_deepnews_reviews,"Aug 13, 2019 06:18 pm",Tuesday,2,2,0,0,0,0,0,2,100.00%,4,0,0.00%,0,0,0,0,0,d28de8dca2,0,0,0
"Deepnews Digest: Autonomous",Oui,test_deepnews_reviews,"Aug 13, 2019 06:18 pm",Tuesday,2,2,0,0,0,0,0,2,100.00%,5,0,0.00%,0,0,0,0,0,680a224c03,0,0,0
"Deepnews Digest: Autonomous","Oui bjr comment on",test_deepnews_reviews,"Aug 13, 2019 06:27 pm",Tuesday,2,2,0,0,0,0,0,1,50.00%,4,0,0.00%,0,0,0,0,0,f53b36cf2c,0,0,0
"Deepnews Digest: Autonomous","comment on ",test_deepnews_reviews,"Aug 13, 2019 06:29 pm",Tuesday,2,2,0,0,0,0,0,1,50.00%,4,0,0.00%,0,0,0,0,0,66fa8fb73e,0,0,0
"Deepnews Digest: Autonomous","comment on all  set",test_deepnews_reviews,"Aug 13, 2019 06:33 pm",Tuesday,2,2,0,0,0,0,0,1,50.00%,4,0,0.00%,0,0,0,0,0,4886ad80c4,0,0,0
"Deepnews Digest: Autonomous","comment all set df_answer reloaded",test_deepnews_reviews,"Aug 13, 2019 06:34 pm",Tuesday,2,2,0,0,0,0,0,1,50.00%,3,0,0.00%,0,0,0,0,0,2633123192,0,0,0
"Deepnews Digest: Autonomous","comment on just to print",test_deepnews_reviews,"Aug 13, 2019 06:36 pm",Tuesday,2,2,0,0,0,0,0,1,50.00%,3,0,0.00%,0,0,0,0,0,0eba6e3883,0,0,0
"Deepnews Digest: Autonomous","good normalement",test_deepnews_reviews,"Aug 13, 2019 06:42 pm",Tuesday,2,2,0,0,0,0,0,1,50.00%,3,0,0.00%,0,0,0,0,0,62e0141c04,0,0,0
"Deepnews Digest: Autonomous","good stp ",test_deepnews_reviews,"Aug 13, 2019 06:44 pm",Tuesday,2,2,0,0,0,0,0,1,50.00%,3,0,0.00%,0,0,0,0,0,747459b9da,0,0,0
"Deepnews Digest: Autonomous","good stp mtn dans le bon sens",test_deepnews_reviews,"Aug 13, 2019 06:47 pm",Tuesday,2,2,0,0,0,0,0,1,50.00%,4,0,0.00%,0,0,0,0,0,a47d4703ef,0,0,0
"Deepnews Digest: Autonomous","trump war",test_deepnews_reviews,"Aug 13, 2019 06:54 pm",Tuesday,2,2,0,0,0,0,0,2,100.00%,6,0,0.00%,0,0,0,0,0,d7e38c8c87,0,0,0
"Deepnews Digest: Autonomous",yo,test_deepnews_reviews,"Aug 14, 2019 09:22 am",Wednesday,2,2,0,0,0,0,0,2,100.00%,3,0,0.00%,0,0,0,0,0,51fd2a01e2,0,0,0
"Deepnews Digest: Autonomous",yo,test_deepnews_reviews,"Aug 14, 2019 09:25 am",Wednesday,2,2,0,0,0,0,0,2,100.00%,3,0,0.00%,0,0,0,0,0,c7f5084fd3,0,0,0
"Deepnews Digest: Autonomous","Releasing automatic newsletter",test_deepnews_reviews,"Aug 14, 2019 01:25 pm",Wednesday,2,2,0,0,0,0,0,2,100.00%,3,0,0.00%,0,0,0,0,0,c5be8ced09,0,0,0
"Deepnews Digest: Autonomous","What a newsletter, congrats !",test_deepnews_reviews,"Aug 14, 2019 03:30 pm",Wednesday,2,2,0,0,0,0,0,2,100.00%,4,0,0.00%,0,0,0,0,0,ab42fae211,0,0,0
"Deepnews Digest: Autonomous","What a newsletter, congrats !",test_deepnews_reviews,"Aug 14, 2019 03:39 pm",Wednesday,2,2,0,0,0,0,0,2,100.00%,4,0,0.00%,0,0,0,0,0,726b19841f,0,0,0
"Deepnews Digest: Autonomous","This is the title",test_deepnews_reviews,"Aug 14, 2019 03:48 pm",Wednesday,2,2,0,0,0,0,0,2,100.00%,5,0,0.00%,0,0,0,0,0,7a35b5635f,0,0,0
"Deepnews Digest: Autonomous","This is the title",test_deepnews_reviews,"Aug 14, 2019 03:57 pm",Wednesday,2,2,0,0,0,0,0,2,100.00%,5,0,0.00%,0,0,0,0,0,619ad4a0fb,0,0,0
"Deepnews Digest: Autonomous","title good",test_deepnews_reviews,"Aug 14, 2019 04:34 pm",Wednesday,2,2,0,0,0,0,0,2,100.00%,5,0,0.00%,0,0,0,0,0,16c8e21223,0,0,0
"Deepnews Digest: Autonomous",Title,test_deepnews_reviews,"Aug 14, 2019 04:51 pm",Wednesday,2,2,0,0,0,0,0,2,100.00%,5,0,0.00%,0,0,0,0,0,8756ca143f,0,0,0
"Deepnews Digest #15: Self-Drive Yourself Crazy","Self-Drive Yourself Crazy",for_victor,"Aug 16, 2019 09:28 am",Friday,3,3,0,0,0,0,0,2,66.67%,4,2,66.67%,12,0,0,0,0,0784b7ea5d,0,0,0
"Deepnews Digest #15: Self-Drive Yourself Crazy","Self-Drive Yourself Crazy",for_victor,"Aug 16, 2019 09:49 am",Friday,3,3,0,0,0,0,0,2,66.67%,2,1,33.33%,3,0,0,0,0,fac4e4dc77,0,0,0
"Deepnews Digest: Autonomous","diz iz title",test_deepnews_reviews,"Aug 16, 2019 10:09 am",Friday,2,2,0,0,0,0,0,2,100.00%,3,0,0.00%,0,0,0,0,0,ad288f1285,0,0,0
"Deepnews Digest #15: Self-Drive Yourself Crazy","Self-Drive Yourself Crazy",liste_interne,"Aug 16, 2019 10:18 am",Friday,5,5,0,0,0,0,0,5,100.00%,7,1,20.00%,14,0,0,0,0,2982de249f,0,0,0
"Deepnews Digest: Autonomous","diz iz title",test_deepnews_reviews,"Aug 16, 2019 10:20 am",Friday,2,2,0,0,0,0,0,2,100.00%,3,0,0.00%,0,0,0,0,0,d1fa067d1f,0,0,0
"Deepnews Digest #15: Self-Drive Yourself Crazy","Self-Drive Yourself Crazy","Deepnews Digest","Aug 16, 2019 11:25 am",Friday,1831,1824,6,1,7,0,0,999,54.77%,1765,150,8.22%,274,12,0,0,4459,47f631a602,0,0,0
"Deepnews Digest: Autonomous",idnd,test_deepnews_reviews,"Aug 16, 2019 03:46 pm",Friday,2,2,0,0,0,0,0,2,100.00%,3,0,0.00%,0,0,0,0,0,d6e6af694a,0,0,0
"Deepnews Digest: Autonomous",Test,test_deepnews_reviews,"Aug 16, 2019 03:53 pm",Friday,2,2,0,0,0,0,0,2,100.00%,2,0,0.00%,0,0,0,0,0,b847bf4ace,0,0,0
"Deepnews Digest: Autonomous",Test,test_deepnews_reviews,"Aug 16, 2019 04:38 pm",Friday,2,2,0,0,0,0,0,2,100.00%,2,0,0.00%,0,0,0,0,0,1f4cb8f691,0,0,0
"Deepnews Digest: Autonomous","diz iz title bitch",test_deepnews_reviews,"Aug 19, 2019 08:51 am",Monday,2,2,0,0,0,0,0,2,100.00%,2,0,0.00%,0,0,0,0,0,045de312a1,0,0,0
"Deepnews Digest: Autonomous",qfezqfqz,test_deepnews_reviews,"Aug 19, 2019 09:27 am",Monday,2,2,0,0,0,0,0,2,100.00%,2,0,0.00%,0,0,0,0,0,050727eedb,0,0,0
"Deepnews Digest: Autonomous",azert,test_deepnews_reviews,"Aug 19, 2019 10:37 am",Monday,2,2,0,0,0,0,0,1,50.00%,1,0,0.00%,0,0,0,0,0,463f70db4c,0,0,0
"Deepnews Digest: Autonomous",test,test_deepnews_reviews,"Aug 19, 2019 02:53 pm",Monday,2,2,0,0,0,0,0,0,0.00%,0,0,0.00%,0,0,0,0,0,8ca52c24b5,0,0,0
"Deepnews Digest: Autonomous",test,test_deepnews_reviews,"Aug 19, 2019 03:17 pm",Monday,2,2,0,0,0,0,0,0,0.00%,0,0,0.00%,0,0,0,0,0,a6474f9987,0,0,0
"Deepnews Digest: Autonomous",test,test_deepnews_reviews,"Aug 19, 2019 03:18 pm",Monday,2,2,0,0,0,0,0,0,0.00%,0,0,0.00%,0,0,0,0,0,f7ddbb5b8c,0,0,0
"Deepnews Digest: Autonomous",yo,test_deepnews_reviews,"Aug 19, 2019 03:51 pm",Monday,2,2,0,0,0,0,0,0,0.00%,0,0,0.00%,0,0,0,0,0,3d6039f0e5,0,0,0
"Deepnews Digest: Autonomous",yo,test_deepnews_reviews,"Aug 19, 2019 03:51 pm",Monday,2,2,0,0,0,0,0,0,0.00%,0,0,0.00%,0,0,0,0,0,e8cc1300a3,0,0,0
"Deepnews Digest: Autonomous",yo,test_deepnews_reviews,"Aug 19, 2019 03:58 pm",Monday,2,2,0,0,0,0,0,0,0.00%,0,0,0.00%,0,0,0,0,0,b757489797,0,0,0
"Deepnews Digest: Autonomous",yo,test_deepnews_reviews,"Aug 19, 2019 03:59 pm",Monday,2,2,0,0,0,0,0,0,0.00%,0,0,0.00%,0,0,0,0,0,ed328c927b,0,0,0
"Deepnews Digest: Autonomous",yo,test_deepnews_reviews,"Aug 19, 2019 04:04 pm",Monday,2,2,0,0,0,0,0,0,0.00%,0,0,0.00%,0,0,0,0,0,a7dbcb038f,0,0,0
"Deepnews Digest: Autonomous",yo,test_deepnews_reviews,"Aug 19, 2019 04:05 pm",Monday,2,2,0,0,0,0,0,0,0.00%,0,0,0.00%,0,0,0,0,0,8726350ca7,0,0,0
"Deepnews Digest: Autonomous",yo,test_deepnews_reviews,"Aug 19, 2019 04:06 pm",Monday,2,2,0,0,0,0,0,0,0.00%,0,0,0.00%,0,0,0,0,0,ef94d598e1,0,0,0
"Deepnews Digest: Autonomous",test,test_deepnews_reviews,"Aug 19, 2019 04:09 pm",Monday,2,2,0,0,0,0,0,0,0.00%,0,0,0.00%,0,0,0,0,0,d2d27a684d,0,0,0
"Deepnews Digest: Autonomous",test,test_deepnews_reviews,"Aug 19, 2019 04:10 pm",Monday,2,2,0,0,0,0,0,0,0.00%,0,0,0.00%,0,0,0,0,0,6d8f09003c,0,0,0
"Deepnews Digest: Autonomous",test,test_deepnews_reviews,"Aug 19, 2019 04:11 pm",Monday,2,2,0,0,0,0,0,0,0.00%,0,0,0.00%,0,0,0,0,0,fe1b85f4cb,0,0,0
"Deepnews Digest: Autonomous",ret,test_deepnews_reviews,"Aug 20, 2019 09:17 am",Tuesday,2,2,0,0,0,0,0,0,0.00%,0,0,0.00%,0,0,0,0,0,aac96c3ead,0,0,0
"Deepnews Digest: Autonomous",dds,test_deepnews_reviews,"Aug 20, 2019 09:46 am",Tuesday,2,2,0,0,0,0,0,1,50.00%,1,0,0.00%,0,0,0,0,0,c8eb5ac70d,0,0,0
"Deepnews Digest: Autonomous",dds,test_deepnews_reviews,"Aug 20, 2019 09:46 am",Tuesday,2,2,0,0,0,0,0,1,50.00%,1,0,0.00%,0,0,0,0,0,5bf3064a5b,0,0,0
"Deepnews Digest: Autonomous",dds,test_deepnews_reviews,"Aug 20, 2019 09:56 am",Tuesday,2,2,0,0,0,0,0,1,50.00%,1,0,0.00%,0,0,0,0,0,06be573d3b,0,0,0
"Deepnews Digest: Autonomous",dds,test_deepnews_reviews,"Aug 20, 2019 09:58 am",Tuesday,2,2,0,0,0,0,0,1,50.00%,1,0,0.00%,0,0,0,0,0,fe10791efd,0,0,0
"Deepnews Digest: Autonomous",dds,test_deepnews_reviews,"Aug 20, 2019 10:00 am",Tuesday,2,2,0,0,0,0,0,1,50.00%,1,0,0.00%,0,0,0,0,0,7ce4a6decc,0,0,0
"Deepnews Digest: Autonomous",dds,test_deepnews_reviews,"Aug 20, 2019 10:01 am",Tuesday,2,2,0,0,0,0,0,1,50.00%,1,0,0.00%,0,0,0,0,0,25cc1aba96,0,0,0
"Deepnews Digest: Autonomous",ds,test_deepnews_reviews,"Aug 20, 2019 10:03 am",Tuesday,2,2,0,0,0,0,0,0,0.00%,0,0,0.00%,0,0,0,0,0,9948247903,0,0,0
"Deepnews Digest: Autonomous",ds,test_deepnews_reviews,"Aug 20, 2019 10:04 am",Tuesday,2,2,0,0,0,0,0,0,0.00%,0,0,0.00%,0,0,0,0,0,47badf9b4c,0,0,0
"Deepnews Digest: Autonomous",ds,test_deepnews_reviews,"Aug 20, 2019 10:09 am",Tuesday,2,2,0,0,0,0,0,0,0.00%,0,0,0.00%,0,0,0,0,0,b349500a45,0,0,0
"Deepnews Digest: Autonomous",ds,test_deepnews_reviews,"Aug 20, 2019 10:10 am",Tuesday,2,2,0,0,0,0,0,0,0.00%,0,0,0.00%,0,0,0,0,0,84ec9f14c1,0,0,0
"Deepnews Digest: Autonomous",ds,test_deepnews_reviews,"Aug 20, 2019 10:11 am",Tuesday,2,2,0,0,0,0,0,0,0.00%,0,0,0.00%,0,0,0,0,0,fdeda4e40e,0,0,0
"Deepnews Digest: Autonomous",ds,test_deepnews_reviews,"Aug 20, 2019 10:12 am",Tuesday,2,2,0,0,0,0,0,0,0.00%,0,0,0.00%,0,0,0,0,0,3007f21f07,0,0,0
"Deepnews Digest: Autonomous",ds,test_deepnews_reviews,"Aug 20, 2019 10:13 am",Tuesday,2,2,0,0,0,0,0,0,0.00%,0,0,0.00%,0,0,0,0,0,280faf99e7,0,0,0
"Deepnews Digest: Autonomous",ds,test_deepnews_reviews,"Aug 20, 2019 10:17 am",Tuesday,2,2,0,0,0,0,0,0,0.00%,0,0,0.00%,0,0,0,0,0,fddec7d342,0,0,0
"Deepnews Digest: Autonomous",df,test_deepnews_reviews,"Aug 20, 2019 10:23 am",Tuesday,2,2,0,0,0,0,0,0,0.00%,0,0,0.00%,0,0,0,0,0,6264e6c902,0,0,0
"Deepnews Digest: Autonomous",df,test_deepnews_reviews,"Aug 20, 2019 10:23 am",Tuesday,2,2,0,0,0,0,0,0,0.00%,0,0,0.00%,0,0,0,0,0,813886b17e,0,0,0
"Deepnews Digest: Autonomous",a,test_deepnews_reviews,"Aug 20, 2019 10:27 am",Tuesday,2,2,0,0,0,0,0,0,0.00%,0,0,0.00%,0,0,0,0,0,751342a6e2,0,0,0
"Deepnews Digest: Autonomous",a,test_deepnews_reviews,"Aug 20, 2019 10:28 am",Tuesday,2,2,0,0,0,0,0,0,0.00%,0,0,0.00%,0,0,0,0,0,f4af6020b3,0,0,0
"Deepnews Digest: Autonomous",a,test_deepnews_reviews,"Aug 20, 2019 10:28 am",Tuesday,2,2,0,0,0,0,0,0,0.00%,0,0,0.00%,0,0,0,0,0,de17b3db52,0,0,0
"Deepnews Digest: Autonomous",a,test_deepnews_reviews,"Aug 20, 2019 10:30 am",Tuesday,2,2,0,0,0,0,0,0,0.00%,0,0,0.00%,0,0,0,0,0,0aeff284a4,0,0,0
"Deepnews Digest: Autonomous",aa,test_deepnews_reviews,"Aug 20, 2019 10:34 am",Tuesday,2,2,0,0,0,0,0,0,0.00%,0,0,0.00%,0,0,0,0,0,3401ef64fb,0,0,0
"Deepnews Digest: Autonomous",a,test_deepnews_reviews,"Aug 20, 2019 10:39 am",Tuesday,2,2,0,0,0,0,0,0,0.00%,0,0,0.00%,0,0,0,0,0,17132f202a,0,0,0
"Deepnews Digest: Autonomous",a,test_deepnews_reviews,"Aug 20, 2019 10:43 am",Tuesday,2,2,0,0,0,0,0,0,0.00%,0,0,0.00%,0,0,0,0,0,3223a41675,0,0,0
"Deepnews Digest: Autonomous",a,test_deepnews_reviews,"Aug 20, 2019 11:10 am",Tuesday,2,2,0,0,0,0,0,1,50.00%,2,0,0.00%,0,0,0,0,0,b8539c360a,0,0,0
"Deepnews Digest: Autonomous",a,test_deepnews_reviews,"Aug 20, 2019 11:21 am",Tuesday,2,2,0,0,0,0,0,1,50.00%,1,0,0.00%,0,0,0,0,0,e274edaaa6,0,0,0
"Deepnews Digest: Autonomous",a,test_deepnews_reviews,"Aug 20, 2019 11:37 am",Tuesday,2,2,0,0,0,0,0,1,50.00%,1,0,0.00%,0,0,0,0,0,9680b706fd,0,0,0
"Deepnews Digest: Autonomous",a,test_deepnews_reviews,"Aug 20, 2019 11:42 am",Tuesday,2,2,0,0,0,0,0,1,50.00%,1,0,0.00%,0,0,0,0,0,99d994729d,0,0,0
"Deepnews Digest: Autonomous",a,test_deepnews_reviews,"Aug 20, 2019 11:45 am",Tuesday,2,2,0,0,0,0,0,1,50.00%,1,0,0.00%,0,0,0,0,0,edaf6eed7f,0,0,0
"Deepnews Digest: Autonomous",a,test_deepnews_reviews,"Aug 20, 2019 11:46 am",Tuesday,2,2,0,0,0,0,0,1,50.00%,1,0,0.00%,0,0,0,0,0,8586a104ed,0,0,0
"Deepnews Digest: Autonomous",a,test_deepnews_reviews,"Aug 20, 2019 11:51 am",Tuesday,2,2,0,0,0,0,0,1,50.00%,1,0,0.00%,0,0,0,0,0,c926db088d,0,0,0
"Deepnews Digest: Autonomous",a,test_deepnews_reviews,"Aug 20, 2019 12:00 pm",Tuesday,2,2,0,0,0,0,0,0,0.00%,0,0,0.00%,0,0,0,0,0,2d0290c670,0,0,0
"Deepnews Digest: Autonomous",drg,test_deepnews_reviews,"Aug 20, 2019 12:54 pm",Tuesday,2,2,0,0,0,0,0,0,0.00%,0,0,0.00%,0,0,0,0,0,c6fdfca6a3,0,0,0
"Deepnews Digest: Autonomous",a,test_deepnews_reviews,"Aug 20, 2019 01:01 pm",Tuesday,2,2,0,0,0,0,0,0,0.00%,0,0,0.00%,0,0,0,0,0,8f7374ea80,0,0,0
"Deepnews Digest: Autonomous",a,test_deepnews_reviews,"Aug 20, 2019 01:02 pm",Tuesday,2,2,0,0,0,0,0,0,0.00%,0,0,0.00%,0,0,0,0,0,602844e9c7,0,0,0
"Deepnews Digest: Autonomous",a,test_deepnews_reviews,"Aug 20, 2019 01:15 pm",Tuesday,2,2,0,0,0,0,0,0,0.00%,0,0,0.00%,0,0,0,0,0,68e4d5fdd6,0,0,0
"Deepnews Digest: Autonomous",a,test_deepnews_reviews,"Aug 20, 2019 01:16 pm",Tuesday,2,2,0,0,0,0,0,0,0.00%,0,0,0.00%,0,0,0,0,0,e207cd4426,0,0,0
"Deepnews Digest: Autonomous",a,test_deepnews_reviews,"Aug 20, 2019 01:16 pm",Tuesday,2,2,0,0,0,0,0,0,0.00%,0,0,0.00%,0,0,0,0,0,e15e3b0954,0,0,0
"Deepnews Digest: Autonomous",a,test_deepnews_reviews,"Aug 20, 2019 01:22 pm",Tuesday,2,2,0,0,0,0,0,0,0.00%,0,0,0.00%,0,0,0,0,0,d59a70e06e,0,0,0
"Deepnews Digest: Autonomous",a,test_deepnews_reviews,"Aug 20, 2019 01:22 pm",Tuesday,2,2,0,0,0,0,0,0,0.00%,0,0,0.00%,0,0,0,0,0,b6e794e971,0,0,0
"Deepnews Digest: Autonomous",a,test_deepnews_reviews,"Aug 20, 2019 01:23 pm",Tuesday,2,2,0,0,0,0,0,0,0.00%,0,0,0.00%,0,0,0,0,0,87eda69967,0,0,0
"Deepnews Digest: Autonomous",a,test_deepnews_reviews,"Aug 20, 2019 01:23 pm",Tuesday,2,2,0,0,0,0,0,0,0.00%,0,0,0.00%,0,0,0,0,0,a6978a65e1,0,0,0
"Deepnews Digest: Autonomous",a,test_deepnews_reviews,"Aug 20, 2019 01:25 pm",Tuesday,2,2,0,0,0,0,0,0,0.00%,0,0,0.00%,0,0,0,0,0,8ae167ac08,0,0,0
"Deepnews Digest: Autonomous",a,test_deepnews_reviews,"Aug 20, 2019 01:25 pm",Tuesday,2,2,0,0,0,0,0,0,0.00%,0,0,0.00%,0,0,0,0,0,df256ce3dc,0,0,0
"Deepnews Digest: Autonomous",a,test_deepnews_reviews,"Aug 20, 2019 01:31 pm",Tuesday,2,2,0,0,0,0,0,0,0.00%,0,0,0.00%,0,0,0,0,0,7c8f9d6838,0,0,0
"Deepnews Digest: Autonomous",aa,test_deepnews_reviews,"Aug 20, 2019 01:37 pm",Tuesday,2,2,0,0,0,0,0,0,0.00%,0,0,0.00%,0,0,0,0,0,e204a5d2ac,0,0,0
"Deepnews Digest: Autonomous",aa,test_deepnews_reviews,"Aug 20, 2019 01:38 pm",Tuesday,2,2,0,0,0,0,0,0,0.00%,0,0,0.00%,0,0,0,0,0,0dbe2ca8fd,0,0,0
"Deepnews Digest: Autonomous",a,test_deepnews_reviews,"Aug 20, 2019 02:01 pm",Tuesday,2,2,0,0,0,0,0,0,0.00%,0,0,0.00%,0,0,0,0,0,a5855856f8,0,0,0
"Deepnews Digest: Autonomous",a,test_deepnews_reviews,"Aug 20, 2019 02:01 pm",Tuesday,2,2,0,0,0,0,0,0,0.00%,0,0,0.00%,0,0,0,0,0,a962d65c9d,0,0,0
"Deepnews Digest: Autonomous",a,test_deepnews_reviews,"Aug 20, 2019 02:03 pm",Tuesday,2,2,0,0,0,0,0,0,0.00%,0,0,0.00%,0,0,0,0,0,6e54d2dff3,0,0,0
"Deepnews Digest: Autonomous",a,test_deepnews_reviews,"Aug 20, 2019 02:03 pm",Tuesday,2,2,0,0,0,0,0,0,0.00%,0,0,0.00%,0,0,0,0,0,5beca97698,0,0,0
"Deepnews Digest: Autonomous",a,test_deepnews_reviews,"Aug 20, 2019 02:23 pm",Tuesday,2,2,0,0,0,0,0,0,0.00%,0,0,0.00%,0,0,0,0,0,fe634a685f,0,0,0
"Deepnews Digest: Autonomous",a,test_deepnews_reviews,"Aug 20, 2019 02:24 pm",Tuesday,2,2,0,0,0,0,0,0,0.00%,0,0,0.00%,0,0,0,0,0,c6a4d97f00,0,0,0
"Deepnews Digest: Autonomous",a,test_deepnews_reviews,"Aug 20, 2019 02:24 pm",Tuesday,2,2,0,0,0,0,0,0,0.00%,0,0,0.00%,0,0,0,0,0,2fffd5a1dc,0,0,0
"Deepnews Digest: Autonomous",a,test_deepnews_reviews,"Aug 20, 2019 03:45 pm",Tuesday,2,2,0,0,0,0,0,1,50.00%,1,0,0.00%,0,0,0,0,0,a4d799bddc,0,0,0
"Deepnews Digest: Autonomous",a,test_deepnews_reviews,"Aug 21, 2019 05:40 pm",Wednesday,2,2,0,0,0,0,0,1,50.00%,1,0,0.00%,0,0,0,0,0,800148b035,0,0,0
"Deepnews Digest: Autonomous",a,test_deepnews_reviews,"Aug 21, 2019 05:40 pm",Wednesday,2,2,0,0,0,0,0,0,0.00%,0,0,0.00%,0,0,0,0,0,549e9b8727,0,0,0
"Deepnews Digest: Autonomous","Ok my name is victor",test_deepnews_reviews,"Aug 22, 2019 01:47 pm",Thursday,2,2,0,0,0,0,0,1,50.00%,1,0,0.00%,0,0,0,0,0,ebb0a251fc,0,0,0
"Deepnews Digest: Autonomous",a,test_deepnews_reviews,"Aug 22, 2019 02:00 pm",Thursday,2,2,0,0,0,0,0,1,50.00%,1,0,0.00%,0,0,0,0,0,795683a1e7,0,0,0
"Deepnews Digest: Autonomous",dsgsdg,test_deepnews_reviews,"Aug 22, 2019 03:00 pm",Thursday,2,2,0,0,0,0,0,0,0.00%,0,0,0.00%,0,0,0,0,0,55646c690a,0,0,0
"Deepnews Digest: Autonomous",a,test_deepnews_reviews,"Aug 22, 2019 04:20 pm",Thursday,2,2,0,0,0,0,0,0,0.00%,0,0,0.00%,0,0,0,0,0,5b98e9fb88,0,0,0
"Deepnews Digest: Autonomous",a,test_deepnews_reviews,"Aug 22, 2019 04:29 pm",Thursday,2,2,0,0,0,0,0,0,0.00%,0,0,0.00%,0,0,0,0,0,8897d50ae3,0,0,0
"Deepnews Digest: Autonomous",a,test_deepnews_reviews,"Aug 22, 2019 04:30 pm",Thursday,2,2,0,0,0,0,0,0,0.00%,0,0,0.00%,0,0,0,0,0,1431ae2413,0,0,0
"Deepnews Digest: Autonomous",a,test_deepnews_reviews,"Aug 22, 2019 04:31 pm",Thursday,2,2,0,0,0,0,0,0,0.00%,0,0,0.00%,0,0,0,0,0,cc89284c9c,0,0,0
"Deepnews Digest: Autonomous",a,test_deepnews_reviews,"Aug 22, 2019 04:31 pm",Thursday,2,2,0,0,0,0,0,0,0.00%,0,0,0.00%,0,0,0,0,0,1d9e5a6cbc,0,0,0
"Deepnews Digest: Autonomous",a,test_deepnews_reviews,"Aug 22, 2019 04:36 pm",Thursday,2,2,0,0,0,0,0,0,0.00%,0,0,0.00%,0,0,0,0,0,07c01194ee,0,0,0
"Deepnews Digest: Autonomous",a,test_deepnews_reviews,"Aug 22, 2019 04:39 pm",Thursday,2,2,0,0,0,0,0,0,0.00%,0,0,0.00%,0,0,0,0,0,b274066636,0,0,0
"Deepnews Digest: Autonomous",a,test_deepnews_reviews,"Aug 22, 2019 04:39 pm",Thursday,2,2,0,0,0,0,0,0,0.00%,0,0,0.00%,0,0,0,0,0,de4128e5aa,0,0,0
"Deepnews Digest: Autonomous",a,test_deepnews_reviews,"Aug 22, 2019 04:42 pm",Thursday,2,2,0,0,0,0,0,0,0.00%,0,0,0.00%,0,0,0,0,0,dcca89ac8c,0,0,0
"Deepnews Digest: Autonomous",a,test_deepnews_reviews,"Aug 22, 2019 04:42 pm",Thursday,2,2,0,0,0,0,0,0,0.00%,0,0,0.00%,0,0,0,0,0,3a7efb3441,0,0,0
"Deepnews Digest: Autonomous",a,test_deepnews_reviews,"Aug 22, 2019 05:50 pm",Thursday,2,2,0,0,0,0,0,0,0.00%,0,0,0.00%,0,0,0,0,0,8856076a23,0,0,0
"Deepnews Digest: Autonomous",a,test_deepnews_reviews,"Aug 23, 2019 09:29 am",Friday,2,2,0,0,0,0,0,1,50.00%,1,0,0.00%,0,0,0,0,0,be658d1e80,0,0,0
"Deepnews Digest: Autonomous",a,test_deepnews_reviews,"Aug 23, 2019 09:30 am",Friday,2,2,0,0,0,0,0,0,0.00%,0,0,0.00%,0,0,0,0,0,bd466988c5,0,0,0
"Deepnews Digest: Autonomous",a,test_deepnews_reviews,"Aug 23, 2019 09:30 am",Friday,2,2,0,0,0,0,0,0,0.00%,0,0,0.00%,0,0,0,0,0,d7128c52f6,0,0,0
"Deepnews Digest: Autonomous",a,test_deepnews_reviews,"Aug 23, 2019 09:31 am",Friday,2,2,0,0,0,0,0,0,0.00%,0,0,0.00%,0,0,0,0,0,fd1c5911bd,0,0,0
"Deepnews Digest: Autonomous",a,test_deepnews_reviews,"Aug 23, 2019 09:31 am",Friday,2,2,0,0,0,0,0,1,50.00%,1,0,0.00%,0,0,0,0,0,5a714de255,0,0,0
"Deepnews Digest #16: Extremisms and the Threat to Multilateralism","Extremisms and the Threat to Multilateralism",liste_interne,"Aug 23, 2019 10:17 am",Friday,5,5,0,0,0,0,0,3,60.00%,4,2,40.00%,15,0,0,0,0,174e9d8338,0,0,0
"Deepnews Digest #16: Extremisms and the Threat to Multilateralism","Extremisms and the Threat to Multilateralism",liste_interne,"Aug 23, 2019 11:02 am",Friday,5,5,0,0,0,0,0,4,80.00%,5,3,60.00%,6,0,0,0,0,7bc24609c4,0,0,0
"Deepnews Digest #16: Extremisms and the Threat to Multilateralism","Extremisms and the Threat to Multilateralism",liste_interne,"Aug 23, 2019 11:20 am",Friday,5,5,0,0,0,0,0,4,80.00%,4,2,40.00%,8,0,0,0,0,5c7bfb5bfb,0,0,0
"Deepnews Digest #16: Extremisms and the Threat to Multilateralism","Extremisms and the Threat to Multilateralism",liste_interne,"Aug 23, 2019 11:33 am",Friday,5,5,0,0,0,0,0,5,100.00%,6,0,0.00%,0,0,0,0,0,f4f4e3692c,0,0,0
"Deepnews Digest #16: Extremisms and the Threat to Multilateralism","Extremisms and the Threat to Multilateralism",liste_interne,"Aug 23, 2019 11:39 am",Friday,5,5,0,0,0,0,0,4,80.00%,7,1,20.00%,3,0,0,0,0,7816201dff,0,0,0
"Deepnews Digest #16: Extremisms and the Threat to Multilateralism","Extremisms and the Threat to Multilateralism","Deepnews Digest","Aug 23, 2019 11:41 am",Friday,1848,1842,5,1,6,0,0,911,49.46%,1551,133,7.22%,259,6,0,0,4459,f275104d60,0,0,0
"Deepnews Digest: Autonomous",a,test_deepnews_reviews,"Aug 26, 2019 09:48 am",Monday,2,2,0,0,0,0,0,1,50.00%,1,0,0.00%,0,0,0,0,0,b36c44f8ea,0,0,0
"Deepnews Digest: Autonomous",a,test_deepnews_reviews,"Aug 26, 2019 09:49 am",Monday,2,2,0,0,0,0,0,1,50.00%,1,0,0.00%,0,0,0,0,0,c32d0b034e,0,0,0
"Deepnews Digest: Autonomous",a,test_deepnews_reviews,"Aug 26, 2019 09:49 am",Monday,2,2,0,0,0,0,0,1,50.00%,1,0,0.00%,0,0,0,0,0,66f1be47f2,0,0,0
"Deepnews Digest: Autonomous",a,test_deepnews_reviews,"Aug 26, 2019 09:50 am",Monday,2,2,0,0,0,0,0,1,50.00%,1,0,0.00%,0,0,0,0,0,69ea140fd6,0,0,0
"Deepnews Digest: Autonomous",a,test_deepnews_reviews,"Aug 26, 2019 10:10 am",Monday,2,2,0,0,0,0,0,1,50.00%,1,0,0.00%,0,0,0,0,0,628047abab,0,0,0
"Deepnews Digest: Autonomous",a,test_deepnews_reviews,"Aug 26, 2019 10:13 am",Monday,2,2,0,0,0,0,0,1,50.00%,1,0,0.00%,0,0,0,0,0,c62006117c,0,0,0
"Deepnews Digest: Autonomous",a,test_deepnews_reviews,"Aug 26, 2019 10:14 am",Monday,2,2,0,0,0,0,0,1,50.00%,1,0,0.00%,0,0,0,0,0,8aed500bbb,0,0,0
"Deepnews Digest: Autonomous",a,test_deepnews_reviews,"Aug 26, 2019 10:49 am",Monday,2,2,0,0,0,0,0,2,100.00%,4,0,0.00%,0,0,0,0,0,439f82a9f8,0,0,0
"Deepnews Digest: Autonomous",a,test_deepnews_reviews,"Aug 26, 2019 02:24 pm",Monday,2,2,0,0,0,0,0,1,50.00%,1,0,0.00%,0,0,0,0,0,362eb0e7dd,0,0,0
"Deepnews Digest: Autonomous",a,test_deepnews_reviews,"Aug 26, 2019 02:25 pm",Monday,2,2,0,0,0,0,0,1,50.00%,1,0,0.00%,0,0,0,0,0,f5b740b977,0,0,0
"Deepnews Digest: Autonomous",a,test_deepnews_reviews,"Aug 26, 2019 02:25 pm",Monday,2,2,0,0,0,0,0,1,50.00%,1,0,0.00%,0,0,0,0,0,f554df30cd,0,0,0
"Deepnews Digest: Autonomous",a,test_deepnews_reviews,"Aug 26, 2019 02:32 pm",Monday,2,2,0,0,0,0,0,1,50.00%,1,0,0.00%,0,0,0,0,0,10774250d1,0,0,0
"Deepnews Digest: Autonomous",a,test_deepnews_reviews,"Aug 26, 2019 02:35 pm",Monday,2,2,0,0,0,0,0,1,50.00%,1,0,0.00%,0,0,0,0,0,4eb5bfd7a9,0,0,0
"Deepnews Digest: Autonomous",a,test_deepnews_reviews,"Aug 26, 2019 02:36 pm",Monday,2,2,0,0,0,0,0,1,50.00%,1,0,0.00%,0,0,0,0,0,5f320a06ce,0,0,0
"Deepnews Digest: Autonomous",wq,test_deepnews_reviews,"Aug 26, 2019 02:36 pm",Monday,2,2,0,0,0,0,0,0,0.00%,0,0,0.00%,0,0,0,0,0,415c88350e,0,0,0
"Deepnews Digest: Autonomous",wq,test_deepnews_reviews,"Aug 26, 2019 02:36 pm",Monday,2,2,0,0,0,0,0,1,50.00%,1,0,0.00%,0,0,0,0,0,1782a8cf8a,0,0,0
"Deepnews Digest: Autonomous",qw,test_deepnews_reviews,"Aug 26, 2019 02:38 pm",Monday,2,2,0,0,0,0,0,1,50.00%,1,0,0.00%,0,0,0,0,0,3a794f1d66,0,0,0
"Deepnews Digest: Autonomous",qw,test_deepnews_reviews,"Aug 26, 2019 02:38 pm",Monday,2,2,0,0,0,0,0,1,50.00%,1,0,0.00%,0,0,0,0,0,25fe615402,0,0,0
"Deepnews Digest: Autonomous",a,test_deepnews_reviews,"Aug 26, 2019 02:41 pm",Monday,2,2,0,0,0,0,0,1,50.00%,1,0,0.00%,0,0,0,0,0,1e63332a7e,0,0,0
"Deepnews Digest: Autonomous",a,test_deepnews_reviews,"Aug 26, 2019 02:42 pm",Monday,2,2,0,0,0,0,0,1,50.00%,1,0,0.00%,0,0,0,0,0,ba48c0b946,0,0,0
"Deepnews Digest: Autonomous",a,test_deepnews_reviews,"Aug 26, 2019 03:48 pm",Monday,2,2,0,0,0,0,0,2,100.00%,2,0,0.00%,0,0,0,0,0,2013cb3c94,0,0,0
"Deepnews Digest: Autonomous",a,test_deepnews_reviews,"Aug 26, 2019 04:34 pm",Monday,2,2,0,0,0,0,0,2,100.00%,3,0,0.00%,0,0,0,0,0,9898551c27,0,0,0
"Deepnews Digest: Autonomous",A,test_deepnews_reviews,"Aug 26, 2019 04:43 pm",Monday,2,2,0,0,0,0,0,0,0.00%,0,0,0.00%,0,0,0,0,0,4623a52966,0,0,0
"553 - AppleCard JLG Solo","#553 - Apple Card: What vs How (J.-L. Gassée)",ALL_from_madmimi,"Aug 26, 2019 04:59 pm",Monday,12531,12494,24,13,37,0,0,4934,39.49%,8692,263,2.11%,342,19,0,0,0,ef9dc1696d,0,0,0
"Deepnews Digest: Autonomous",a,test_deepnews_reviews,"Aug 26, 2019 05:43 pm",Monday,2,2,0,0,0,0,0,2,100.00%,3,0,0.00%,0,0,0,0,0,17f4b1a7e8,0,0,0
"Deepnews Digest: Autonomous",a,test_deepnews_reviews,"Aug 29, 2019 02:28 pm",Thursday,2,2,0,0,0,0,0,0,0.00%,0,0,0.00%,0,0,0,0,0,21fcab6d6f,0,0,0
"Deepnews Digest: Autonomous",a,test_deepnews_reviews,"Aug 29, 2019 05:11 pm",Thursday,2,2,0,0,0,0,0,0,0.00%,0,0,0.00%,0,0,0,0,0,e493c735ce,0,0,0
"Deepnews Digest: Autonomous",a,test_deepnews_reviews,"Aug 29, 2019 05:15 pm",Thursday,2,2,0,0,0,0,0,0,0.00%,0,0,0.00%,0,0,0,0,0,bb11f58ca3,0,0,0
"Deepnews Digest: Autonomous",a,test_deepnews_reviews,"Aug 29, 2019 05:22 pm",Thursday,2,2,0,0,0,0,0,0,0.00%,0,0,0.00%,0,0,0,0,0,3e929d958c,0,0,0
"Deepnews Digest: Autonomous",q,test_deepnews_reviews,"Aug 29, 2019 05:25 pm",Thursday,2,2,0,0,0,0,0,0,0.00%,0,0,0.00%,0,0,0,0,0,90102a4ae0,0,0,0
"Deepnews Digest: Autonomous",aa,test_deepnews_reviews,"Aug 29, 2019 05:29 pm",Thursday,2,2,0,0,0,0,0,0,0.00%,0,0,0.00%,0,0,0,0,0,5d08d66f52,0,0,0
"Deepnews Digest: Autonomous",a,test_deepnews_reviews,"Aug 29, 2019 05:29 pm",Thursday,2,2,0,0,0,0,0,0,0.00%,0,0,0.00%,0,0,0,0,0,87e0e0067b,0,0,0
"Deepnews Digest: Autonomous",a,test_deepnews_reviews,"Aug 29, 2019 05:29 pm",Thursday,2,2,0,0,0,0,0,0,0.00%,0,0,0.00%,0,0,0,0,0,2b373228ea,0,0,0
"Deepnews Digest: Autonomous",a,test_deepnews_reviews,"Aug 29, 2019 05:31 pm",Thursday,2,2,0,0,0,0,0,0,0.00%,0,0,0.00%,0,0,0,0,0,4e46123a71,0,0,0
"Deepnews Digest: Autonomous",a,test_deepnews_reviews,"Aug 29, 2019 05:32 pm",Thursday,2,2,0,0,0,0,0,0,0.00%,0,0,0.00%,0,0,0,0,0,39a2731286,0,0,0
"Deepnews Digest: Autonomous",a,test_deepnews_reviews,"Aug 29, 2019 05:35 pm",Thursday,2,2,0,0,0,0,0,0,0.00%,0,0,0.00%,0,0,0,0,0,308c0d3938,0,0,0
"Deepnews Digest: Autonomous",a,test_deepnews_reviews,"Aug 29, 2019 05:35 pm",Thursday,2,2,0,0,0,0,0,0,0.00%,0,0,0.00%,0,0,0,0,0,1332aee3a2,0,0,0
"Deepnews Digest: Autonomous",ad,test_deepnews_reviews,"Aug 29, 2019 05:38 pm",Thursday,2,2,0,0,0,0,0,0,0.00%,0,0,0.00%,0,0,0,0,0,b5abedb736,0,0,0
"Deepnews Digest: Autonomous",ad,test_deepnews_reviews,"Aug 29, 2019 05:40 pm",Thursday,2,2,0,0,0,0,0,0,0.00%,0,0,0.00%,0,0,0,0,0,469de96a24,0,0,0
"Deepnews Digest: Autonomous",a,test_deepnews_reviews,"Aug 29, 2019 05:53 pm",Thursday,2,2,0,0,0,0,0,0,0.00%,0,0,0.00%,0,0,0,0,0,93330b3ac8,0,0,0
"Deepnews Digest: Autonomous",a,test_deepnews_reviews,"Aug 29, 2019 05:54 pm",Thursday,2,2,0,0,0,0,0,0,0.00%,0,0,0.00%,0,0,0,0,0,fa7f4e90a3,0,0,0
"Deepnews Digest: Autonomous",a,test_deepnews_reviews,"Aug 29, 2019 06:02 pm",Thursday,2,2,0,0,0,0,0,0,0.00%,0,0,0.00%,0,0,0,0,0,c76cbbbbac,0,0,0
"Deepnews Digest: Autonomous",a,test_deepnews_reviews,"Aug 29, 2019 06:03 pm",Thursday,2,2,0,0,0,0,0,0,0.00%,0,0,0.00%,0,0,0,0,0,72de87c41e,0,0,0
"Deepnews Digest: Autonomous",aa,test_deepnews_reviews,"Aug 29, 2019 06:03 pm",Thursday,2,2,0,0,0,0,0,0,0.00%,0,0,0.00%,0,0,0,0,0,d492817994,0,0,0
"Deepnews Digest: Autonomous",a,test_deepnews_reviews,"Aug 29, 2019 06:03 pm",Thursday,2,2,0,0,0,0,0,0,0.00%,0,0,0.00%,0,0,0,0,0,e1bfc3eb54,0,0,0
"Deepnews Digest: Autonomous",a,test_deepnews_reviews,"Aug 29, 2019 06:03 pm",Thursday,2,2,0,0,0,0,0,0,0.00%,0,0,0.00%,0,0,0,0,0,0a3fff9566,0,0,0
"Deepnews Digest: Autonomous",a,test_deepnews_reviews,"Aug 29, 2019 06:06 pm",Thursday,2,2,0,0,0,0,0,0,0.00%,0,0,0.00%,0,0,0,0,0,0d208f2f6d,0,0,0
"Deepnews Digest: Autonomous",a,test_deepnews_reviews,"Aug 29, 2019 06:06 pm",Thursday,2,2,0,0,0,0,0,0,0.00%,0,0,0.00%,0,0,0,0,0,bd0803da98,0,0,0
"Deepnews Digest: Autonomous",a,test_deepnews_reviews,"Aug 29, 2019 06:17 pm",Thursday,2,2,0,0,0,0,0,0,0.00%,0,0,0.00%,0,0,0,0,0,55535698d2,0,0,0
"Deepnews Digest: Autonomous",a,test_deepnews_reviews,"Aug 29, 2019 06:17 pm",Thursday,2,2,0,0,0,0,0,0,0.00%,0,0,0.00%,0,0,0,0,0,627945c8a6,0,0,0
"Deepnews Digest: Autonomous",A,test_deepnews_reviews,"Aug 29, 2019 07:26 pm",Thursday,2,2,0,0,0,0,0,0,0.00%,0,0,0.00%,0,0,0,0,0,f42830473f,0,0,0
"Deepnews Digest: Autonomous",a,test_deepnews_reviews,"Aug 29, 2019 07:26 pm",Thursday,2,2,0,0,0,0,0,0,0.00%,0,0,0.00%,0,0,0,0,0,987f412a68,0,0,0
"Deepnews Digest: Autonomous",a,test_deepnews_reviews,"Aug 30, 2019 09:40 am",Friday,2,2,0,0,0,0,0,1,50.00%,2,0,0.00%,0,0,0,0,0,3e73700a54,0,0,0
"Deepnews Digest: Autonomous",a,test_deepnews_reviews,"Aug 30, 2019 10:13 am",Friday,2,2,0,0,0,0,0,1,50.00%,1,0,0.00%,0,0,0,0,0,c55ea30052,0,0,0
"Deepnews Digest: Autonomous",a,test_deepnews_reviews,"Aug 30, 2019 10:14 am",Friday,2,2,0,0,0,0,0,1,50.00%,1,0,0.00%,0,0,0,0,0,c18bfe8ee1,0,0,0
"Deepnews Digest #17: Taking Your Face's Value","Taking Your Face's Value",for_victor,"Aug 30, 2019 10:18 am",Friday,3,3,0,0,0,0,0,2,66.67%,4,2,66.67%,8,0,0,0,0,f81191f939,0,0,0
"Deepnews Digest: Autonomous",a,test_deepnews_reviews,"Aug 30, 2019 10:20 am",Friday,2,2,0,0,0,0,0,1,50.00%,1,0,0.00%,0,0,0,0,0,475e61326c,0,0,0
"Deepnews Digest: Autonomous",a,test_deepnews_reviews,"Aug 30, 2019 10:21 am",Friday,2,2,0,0,0,0,0,1,50.00%,1,0,0.00%,0,0,0,0,0,3a3ff3a1c0,0,0,0
"Deepnews Digest #17: Taking Your Face's Value","Taking Your Face's Value",for_victor,"Aug 30, 2019 10:33 am",Friday,3,3,0,0,0,0,0,2,66.67%,2,0,0.00%,0,0,0,0,0,639480ff21,0,0,0
"Deepnews Digest #17: Taking Your Face's Value","Taking Your Face's Value",for_victor,"Aug 30, 2019 10:35 am",Friday,3,3,0,0,0,0,0,2,66.67%,2,0,0.00%,0,0,0,0,0,29075841ab,0,0,0
"Deepnews Digest #17: Taking Your Face's Value","Taking Your Face's Value",for_victor,"Aug 30, 2019 10:45 am",Friday,3,3,0,0,0,0,0,2,66.67%,3,2,66.67%,3,0,0,0,0,b00d18e430,0,0,0
"Deepnews Digest #17: Taking Your Face's Value","Taking Your Face's Value",liste_interne,"Aug 30, 2019 10:48 am",Friday,5,5,0,0,0,0,0,4,80.00%,5,3,60.00%,10,0,0,0,0,f6400fa625,0,0,0
"Deepnews Digest #17: Taking Your Face's Value","Taking Your Face's Value","Deepnews Digest","Aug 30, 2019 11:27 am",Friday,1855,1851,4,0,4,0,0,958,51.76%,1686,124,6.70%,261,6,0,0,4459,017cdb4e42,0,0,0
"Deepnews Digest: Autonomous",test,test_deepnews_reviews,"Aug 30, 2019 04:06 pm",Friday,2,2,0,0,0,0,0,2,100.00%,2,0,0.00%,0,0,0,0,0,64738aade9,0,0,0
"Deepnews Digest: Autonomous",test,test_deepnews_reviews,"Aug 30, 2019 05:21 pm",Friday,2,2,0,0,0,0,0,2,100.00%,2,0,0.00%,0,0,0,0,0,44f7c025c2,0,0,0
"Deepnews Digest: Autonomous",test,test_deepnews_reviews,"Aug 30, 2019 05:27 pm",Friday,2,2,0,0,0,0,0,2,100.00%,2,0,0.00%,0,0,0,0,0,c31b0c930b,0,0,0
"Deepnews Digest: Autonomous",test,test_deepnews_reviews,"Aug 30, 2019 05:28 pm",Friday,2,2,0,0,0,0,0,1,50.00%,1,0,0.00%,0,0,0,0,0,dd075ebc1a,0,0,0
"Deepnews Digest: Autonomous",test,test_deepnews_reviews,"Aug 30, 2019 05:29 pm",Friday,2,2,0,0,0,0,0,1,50.00%,1,0,0.00%,0,0,0,0,0,2c6d9f69a5,0,0,0
"Deepnews Digest: Autonomous",test,test_deepnews_reviews,"Aug 30, 2019 05:29 pm",Friday,2,2,0,0,0,0,0,2,100.00%,2,0,0.00%,0,0,0,0,0,c5122ea57b,0,0,0
"Deepnews Digest: Autonomous",test,test_deepnews_reviews,"Aug 30, 2019 05:33 pm",Friday,2,2,0,0,0,0,0,1,50.00%,1,0,0.00%,0,0,0,0,0,1132b52f77,0,0,0
"Deepnews Digest: Autonomous",test,test_deepnews_reviews,"Aug 30, 2019 05:34 pm",Friday,2,2,0,0,0,0,0,1,50.00%,1,0,0.00%,0,0,0,0,0,c1974b363b,0,0,0
"Deepnews Digest: Autonomous",test,test_deepnews_reviews,"Aug 30, 2019 05:36 pm",Friday,2,2,0,0,0,0,0,1,50.00%,1,0,0.00%,0,0,0,0,0,49d950748a,0,0,0
"Deepnews Digest: Autonomous",test,test_deepnews_reviews,"Aug 30, 2019 05:40 pm",Friday,2,2,0,0,0,0,0,1,50.00%,1,0,0.00%,0,0,0,0,0,95a5163ce3,0,0,0
"Deepnews Digest: Autonomous",test,test_deepnews_reviews,"Aug 30, 2019 05:40 pm",Friday,2,2,0,0,0,0,0,2,100.00%,2,0,0.00%,0,0,0,0,0,6f7fd7da4d,0,0,0
"Deepnews Digest: Autonomous",test,test_deepnews_reviews,"Aug 30, 2019 05:42 pm",Friday,2,2,0,0,0,0,0,2,100.00%,3,0,0.00%,0,0,0,0,0,b32f665e2e,0,0,0
"554 - Climate change + Fry's","Monday Note #554 - The Hazards of Covering Climate Change (FF) - The Fry's Era (JLG)",ALL_from_madmimi,"Sep 01, 2019 10:48 pm",Sunday,12521,12487,26,8,34,0,0,4720,37.80%,8538,353,2.83%,615,18,0,0,0,69af6f1e72,0,0,0
"Deepnews Digest: Autonomous",test,test_deepnews_reviews,"Sep 02, 2019 02:26 pm",Monday,2,2,0,0,0,0,0,0,0.00%,0,0,0.00%,0,0,0,0,0,04c3901418,0,0,0
"Deepnews Digest: Autonomous","Neque porro quisquam est qui dolorem ipsum quia dolor sit amet, consectetur, adipisci velit...",test_deepnews_reviews,"Sep 02, 2019 02:29 pm",Monday,2,2,0,0,0,0,0,1,50.00%,1,0,0.00%,0,0,0,0,0,444f097b4e,0,0,0
"Deepnews Digest: Autonomous","Neque porro quisquam est qui dolorem ipsum quia dolor sit amet, consectetur, adipisci velit...",test_deepnews_reviews,"Sep 02, 2019 02:33 pm",Monday,2,2,0,0,0,0,0,1,50.00%,1,0,0.00%,0,0,0,0,0,fbd697abf3,0,0,0
"Deepnews Digest: Autonomous","Neque porro quisquam est qui dolorem ipsum quia dolor sit amet, consectetur, adipisci velit...",test_deepnews_reviews,"Sep 02, 2019 03:13 pm",Monday,2,2,0,0,0,0,0,1,50.00%,1,0,0.00%,0,0,0,0,0,a8a361fb9f,0,0,0
"Deepnews Digest: Autonomous","Neque porro quisquam est qui dolorem ipsum quia dolor sit amet, consectetur, adipisci velit...",test_deepnews_reviews,"Sep 02, 2019 04:21 pm",Monday,2,2,0,0,0,0,0,0,0.00%,0,0,0.00%,0,0,0,0,0,25d3b9605c,0,0,0
"Deepnews Digest: Autonomous","Neque porro quisquam est qui dolorem ipsum quia dolor sit amet, consectetur, adipisci velit...",test_deepnews_reviews,"Sep 02, 2019 04:34 pm",Monday,2,2,0,0,0,0,0,0,0.00%,0,0,0.00%,0,0,0,0,0,f4bdb1819a,0,0,0
"Deepnews Digest: Autonomous",a,test_deepnews_reviews,"Sep 03, 2019 10:10 am",Tuesday,2,2,0,0,0,0,0,1,50.00%,1,0,0.00%,0,0,0,0,0,b0d5c27c2e,0,0,0
"Deepnews Digest: Autonomous",a,test_deepnews_reviews,"Sep 03, 2019 10:11 am",Tuesday,2,2,0,0,0,0,0,1,50.00%,1,0,0.00%,0,0,0,0,0,29ba48f273,0,0,0
"Deepnews Digest: Autonomous",a,test_deepnews_reviews,"Sep 03, 2019 10:14 am",Tuesday,2,2,0,0,0,0,0,1,50.00%,1,0,0.00%,0,0,0,0,0,520a59fa2a,0,0,0
"Deepnews Digest: Autonomous",a,test_deepnews_reviews,"Sep 03, 2019 10:14 am",Tuesday,2,2,0,0,0,0,0,1,50.00%,1,0,0.00%,0,0,0,0,0,c3c5a8d291,0,0,0
"Deepnews Digest: Autonomous",a,test_deepnews_reviews,"Sep 03, 2019 10:39 am",Tuesday,2,2,0,0,0,0,0,1,50.00%,1,0,0.00%,0,0,0,0,0,1b751c8b95,0,0,0
"Deepnews Digest: Autonomous",a,test_deepnews_reviews,"Sep 03, 2019 10:45 am",Tuesday,2,2,0,0,0,0,0,1,50.00%,1,0,0.00%,0,0,0,0,0,467af83c49,0,0,0
"Deepnews Digest: Autonomous",a,test_deepnews_reviews,"Sep 03, 2019 10:46 am",Tuesday,2,2,0,0,0,0,0,0,0.00%,0,0,0.00%,0,0,0,0,0,5fa52f23ec,0,0,0
"Deepnews Digest: Autonomous",a,test_deepnews_reviews,"Sep 03, 2019 10:46 am",Tuesday,2,2,0,0,0,0,0,0,0.00%,0,0,0.00%,0,0,0,0,0,f4f1f29216,0,0,0
"Deepnews Digest: Autonomous",a,test_deepnews_reviews,"Sep 03, 2019 10:50 am",Tuesday,2,2,0,0,0,0,0,0,0.00%,0,0,0.00%,0,0,0,0,0,1288a3ea2e,0,0,0
"Deepnews Digest: Autonomous",a,test_deepnews_reviews,"Sep 03, 2019 10:50 am",Tuesday,2,2,0,0,0,0,0,0,0.00%,0,0,0.00%,0,0,0,0,0,a55ea81b97,0,0,0
"Deepnews Digest: Autonomous","Neque porro quisquam est qui dolorem ipsum quia dolor sit amet, consectetur, adipisci velit...",test_deepnews_reviews,"Sep 03, 2019 10:59 am",Tuesday,2,2,0,0,0,0,0,0,0.00%,0,0,0.00%,0,0,0,0,0,3b510c8acb,0,0,0
"Deepnews Digest: Autonomous","Neque porro quisquam est qui dolorem ipsum quia dolor sit amet, consectetur, adipisci velit...",test_deepnews_reviews,"Sep 03, 2019 10:59 am",Tuesday,2,2,0,0,0,0,0,0,0.00%,0,0,0.00%,0,0,0,0,0,197b3bf1cb,0,0,0
"554 - Climate change + Fry's (copy 01)","Monday Note #554 - The Hazards of Covering Climate Change (FF) - The Fry's Era (JLG)",ALL_from_madmimi,"Sep 04, 2019 04:34 am",Wednesday,8077,8046,23,8,31,0,0,1289,16.02%,1867,56,0.70%,115,15,0,0,0,051952e01b,0,0,0
"Deepnews Digest: Autonomous","Neque porro quisquam est qui dolorem ipsum quia dolor sit amet, consectetur, adipisci velit...",test_deepnews_reviews,"Sep 04, 2019 05:00 am",Wednesday,2,2,0,0,0,0,0,1,50.00%,3,0,0.00%,0,0,0,0,0,c76d5e830f,0,0,0
"Deepnews Digest: Autonomous","This is the title",test_deepnews_reviews,"Sep 04, 2019 09:18 am",Wednesday,2,2,0,0,0,0,0,0,0.00%,0,0,0.00%,0,0,0,0,0,d02c0f283e,0,0,0
"Deepnews Digest: Autonomous","This is a title",test_deepnews_reviews,"Sep 04, 2019 09:23 am",Wednesday,2,2,0,0,0,0,0,0,0.00%,0,0,0.00%,0,0,0,0,0,c78308ed86,0,0,0
"Deepnews Digest: Autonomous","Neque porro quisquam est qui dolorem ipsum quia dolor sit amet, consectetur, adipisci velit...",test_deepnews_reviews,"Sep 04, 2019 09:27 am",Wednesday,2,2,0,0,0,0,0,0,0.00%,0,0,0.00%,0,0,0,0,0,438cfdf7c0,0,0,0
"Deepnews Digest: Autonomous","Neque porro quisquam est qui dolorem ipsum quia dolor sit amet, consectetur, adipisci velit...",test_deepnews_reviews,"Sep 04, 2019 09:27 am",Wednesday,2,2,0,0,0,0,0,0,0.00%,0,0,0.00%,0,0,0,0,0,7948b3bf8d,0,0,0
"Deepnews Digest: Autonomous","Neque porro quisquam est qui dolorem ipsum quia dolor sit amet, consectetur, adipisci velit...",test_deepnews_reviews,"Sep 04, 2019 09:31 am",Wednesday,2,2,0,0,0,0,0,0,0.00%,0,0,0.00%,0,0,0,0,0,103e0a9229,0,0,0
"Deepnews Digest: Autonomous","Neque porro quisquam est qui dolorem ipsum quia dolor sit amet, consectetur, adipisci velit...",test_deepnews_reviews,"Sep 04, 2019 09:31 am",Wednesday,2,2,0,0,0,0,0,0,0.00%,0,0,0.00%,0,0,0,0,0,2f00fbd354,0,0,0
"Deepnews Digest: Autonomous","Neque porro quisquam est qui dolorem ipsum quia dolor sit amet, consectetur, adipisci velit...",test_deepnews_reviews,"Sep 04, 2019 09:33 am",Wednesday,2,2,0,0,0,0,0,0,0.00%,0,0,0.00%,0,0,0,0,0,e7e425ab3a,0,0,0
"Deepnews Digest: Autonomous","This is a title",test_deepnews_reviews,"Sep 04, 2019 09:37 am",Wednesday,2,2,0,0,0,0,0,0,0.00%,0,0,0.00%,0,0,0,0,0,c7ad4ce0ba,0,0,0
"Deepnews Digest: Autonomous","This is a title",test_deepnews_reviews,"Sep 04, 2019 09:37 am",Wednesday,2,2,0,0,0,0,0,0,0.00%,0,0,0.00%,0,0,0,0,0,2f40213d7f,0,0,0
"Deepnews Digest: Autonomous","This is a title",test_deepnews_reviews,"Sep 04, 2019 09:38 am",Wednesday,2,2,0,0,0,0,0,0,0.00%,0,0,0.00%,0,0,0,0,0,2152b1746e,0,0,0
"Deepnews Digest: Autonomous","Neque porro quisquam est qui dolorem ipsum quia dolor sit amet, consectetur, adipisci velit...",test_deepnews_reviews,"Sep 04, 2019 09:42 am",Wednesday,2,2,0,0,0,0,0,0,0.00%,0,0,0.00%,0,0,0,0,0,171c31377a,0,0,0
"Deepnews Digest: Autonomous","Neque porro quisquam est qui dolorem ipsum quia dolor sit amet, consectetur, adipisci velit...",test_deepnews_reviews,"Sep 04, 2019 09:43 am",Wednesday,2,2,0,0,0,0,0,0,0.00%,0,0,0.00%,0,0,0,0,0,06291ca022,0,0,0
"Deepnews Digest: Autonomous",a,test_deepnews_reviews,"Sep 04, 2019 10:48 am",Wednesday,2,2,0,0,0,0,0,0,0.00%,0,0,0.00%,0,0,0,0,0,a4615d3855,0,0,0
"Deepnews Digest: Autonomous",a,test_deepnews_reviews,"Sep 05, 2019 06:15 pm",Thursday,2,2,0,0,0,0,0,1,50.00%,1,0,0.00%,0,0,0,0,0,9dfa75f84c,0,0,0
"Deepnews Digest #18: Ebola, Looking Back and Back Again","Ebola, Looking Back and Back Again",for_victor,"Sep 06, 2019 11:38 am",Friday,3,3,0,0,0,0,0,2,66.67%,7,1,33.33%,5,0,0,0,0,45edb29488,0,0,0
"Deepnews Digest #18: Ebola, Looking Back and Back Again","Ebola, Looking Back and Back Again",for_victor,"Sep 06, 2019 11:51 am",Friday,3,3,0,0,0,0,0,2,66.67%,4,2,66.67%,3,0,0,0,0,136a1f1dc8,0,0,0
"Deepnews Digest #18: Ebola, Looking Back and Back Again","Ebola, Looking Back and Back Again",for_victor,"Sep 06, 2019 11:58 am",Friday,3,3,0,0,0,0,0,2,66.67%,3,0,0.00%,0,0,0,0,0,f6432e8693,0,0,0
"Deepnews Digest #18: Ebola, Looking Back and Back Again","Ebola, Looking Back and Back Again",liste_interne,"Sep 06, 2019 11:59 am",Friday,5,5,0,0,0,0,0,4,80.00%,9,3,60.00%,6,0,0,0,0,97a9d7af95,0,0,0
"Deepnews Digest #18: Ebola, Looking Back and Back Again","Ebola, Looking Back and Back Again","Deepnews Digest","Sep 06, 2019 01:25 pm",Friday,1999,1990,5,4,9,0,0,902,45.33%,1417,60,3.02%,105,4,0,0,4459,fcc54570d3,0,0,0
"555- MN_Briefing + Apple Store Kvetching","Monday Note #555 - MN_Briefing (FF) + Apple Store Kvetching (JLG)",ALL_from_madmimi,"Sep 08, 2019 09:17 pm",Sunday,12520,12485,26,9,35,0,0,5742,45.99%,9790,278,2.23%,477,15,0,0,0,9d728df31c,0,0,0
"Deepnews Digest: Autonomous",a,test_deepnews_reviews,"Sep 10, 2019 08:58 am",Tuesday,2,2,0,0,0,0,0,1,50.00%,2,0,0.00%,0,0,0,0,0,eb6078efcf,0,0,0
"Deepnews Digest: Autonomous",a,test_deepnews_reviews,"Sep 10, 2019 09:01 am",Tuesday,2,2,0,0,0,0,0,1,50.00%,2,0,0.00%,0,0,0,0,0,ce225e9c5e,0,0,0
"Deepnews Digest: Autonomous",a,test_deepnews_reviews,"Sep 10, 2019 09:24 am",Tuesday,2,2,0,0,0,0,0,1,50.00%,1,0,0.00%,0,0,0,0,0,398614b5df,0,0,0
"Deepnews Digest: Autonomous",a,test_deepnews_reviews,"Sep 10, 2019 01:44 pm",Tuesday,2,2,0,0,0,0,0,1,50.00%,1,0,0.00%,0,0,0,0,0,cb0c34239d,0,0,0
"Deepnews Digest: Autonomous",a,test_deepnews_reviews,"Sep 10, 2019 01:45 pm",Tuesday,2,2,0,0,0,0,0,1,50.00%,1,0,0.00%,0,0,0,0,0,13a8adb8ad,0,0,0
"Deepnews Digest: Autonomous",a,test_deepnews_reviews,"Sep 10, 2019 01:46 pm",Tuesday,2,2,0,0,0,0,0,1,50.00%,1,0,0.00%,0,0,0,0,0,f5188e1a23,0,0,0
"Deepnews Digest #18: Ebola, Looking Back and Back Again","Ebola, Looking Back and Back Again",for_victor,"Sep 13, 2019 01:18 pm",Friday,3,3,0,0,0,0,0,2,66.67%,3,0,0.00%,0,0,0,0,0,072e1dee99,0,0,0
"Deepnews Digest #19: E-Cig Smoke Signals","E-Cig Smoke Signals",liste_interne,"Sep 13, 2019 01:24 pm",Friday,5,5,0,0,0,0,0,2,40.00%,2,0,0.00%,0,0,0,0,0,05e2791624,0,0,0
"Deepnews Digest #19: E-Cig Smoke Signals","E-Cig Smoke Signals",liste_interne,"Sep 13, 2019 01:26 pm",Friday,5,5,0,0,0,0,0,5,100.00%,8,2,40.00%,4,0,0,0,0,a3e75aec6a,0,0,0
"Deepnews Digest #19: E-Cig Smoke Signals","E-Cig Smoke Signals",liste_interne,"Sep 13, 2019 01:33 pm",Friday,5,5,0,0,0,0,0,3,60.00%,5,1,20.00%,1,0,0,0,0,4f1ffdd30e,0,0,0
"Deepnews Digest #19: E-Cig Smoke Signals","E-Cig Smoke Signals","Deepnews Digest","Sep 13, 2019 01:40 pm",Friday,2060,2057,3,0,3,0,0,998,48.52%,1636,121,5.88%,212,11,0,0,4459,0df9657fe5,0,0,0
"556 - Le Monde + Trump Socialism","Monday Note #556 - The Cutthroat Battle for Controlling Le Monde (FF) - Trump’s 2020 Trump Card: Socialism (JLG)",ALL_from_madmimi,"Sep 16, 2019 06:18 am",Monday,12508,12481,21,6,27,0,0,4722,37.83%,8607,237,1.90%,451,15,0,0,0,8cfc0311a7,0,0,0
"Deepnews Digest: Autonomous","Autonomous Vehicles",test_deepnews_reviews,"Sep 17, 2019 01:58 pm",Tuesday,2,2,0,0,0,0,0,0,0.00%,0,0,0.00%,0,0,0,0,0,1a068ee87d,0,0,0
"Deepnews Digest: Autonomous","Autonomous Vehicles",test_deepnews_reviews,"Sep 17, 2019 01:59 pm",Tuesday,2,2,0,0,0,0,0,0,0.00%,0,0,0.00%,0,0,0,0,0,0a1be46c67,0,0,0
"Deepnews Digest: Autonomous","Autonomous Vehicles",test_deepnews_reviews,"Sep 17, 2019 02:16 pm",Tuesday,2,2,0,0,0,0,0,0,0.00%,0,0,0.00%,0,0,0,0,0,33698d1f1d,0,0,0
"Deepnews Digest: Autonomous","Autonomous Vehicles",test_deepnews_reviews,"Sep 17, 2019 02:20 pm",Tuesday,2,2,0,0,0,0,0,0,0.00%,0,0,0.00%,0,0,0,0,0,4a430660af,0,0,0
"Deepnews Digest: Autonomous","Autonomous Vehicles",test_deepnews_reviews,"Sep 17, 2019 02:22 pm",Tuesday,2,2,0,0,0,0,0,0,0.00%,0,0,0.00%,0,0,0,0,0,30afd77857,0,0,0
"Deepnews Digest: Autonomous","Autonomous Vehicles",test_deepnews_reviews,"Sep 17, 2019 02:25 pm",Tuesday,2,2,0,0,0,0,0,0,0.00%,0,0,0.00%,0,0,0,0,0,9b233388c7,0,0,0
"Deepnews Digest: Autonomous","Autonomous Vehicles",test_deepnews_reviews,"Sep 17, 2019 02:26 pm",Tuesday,2,2,0,0,0,0,0,0,0.00%,0,0,0.00%,0,0,0,0,0,0dd950eaa8,0,0,0
"Deepnews Digest: Autonomous",autonomousVehicles,test_deepnews_reviews,"Sep 17, 2019 03:55 pm",Tuesday,2,2,0,0,0,0,0,1,50.00%,1,0,0.00%,0,0,0,0,0,091a777449,0,0,0
"Deepnews Digest: Autonomous",autonomousVehicles,test_deepnews_reviews,"Sep 17, 2019 04:24 pm",Tuesday,2,2,0,0,0,0,0,1,50.00%,1,0,0.00%,0,0,0,0,0,c4c4cd4744,0,0,0
"Deepnews Digest: Autonomous",autonomousVehicles,test_deepnews_reviews,"Sep 17, 2019 04:24 pm",Tuesday,2,2,0,0,0,0,0,1,50.00%,1,0,0.00%,0,0,0,0,0,28e9cb88aa,0,0,0
"Deepnews Digest: Autonomous","Autonomous Vehicles",test_deepnews_reviews,"Sep 17, 2019 04:39 pm",Tuesday,2,2,0,0,0,0,0,1,50.00%,1,0,0.00%,0,0,0,0,0,d36f52eaa7,0,0,0
"Deepnews Digest: Autonomous","Autonomous Vehicles",test_deepnews_reviews,"Sep 17, 2019 04:39 pm",Tuesday,2,2,0,0,0,0,0,1,50.00%,1,0,0.00%,0,0,0,0,0,c811fe22a0,0,0,0
"Deepnews Digest: Autonomous","Autonomous Vehicles",test_deepnews_reviews,"Sep 17, 2019 04:41 pm",Tuesday,2,2,0,0,0,0,0,1,50.00%,1,0,0.00%,0,0,0,0,0,3948d04fc3,0,0,0
"Deepnews Digest: Autonomous",a,test_deepnews_reviews,"Sep 17, 2019 05:08 pm",Tuesday,2,2,0,0,0,0,0,1,50.00%,1,0,0.00%,0,0,0,0,0,229537f3d2,0,0,0
"Deepnews Digest: Autonomous",a,test_deepnews_reviews,"Sep 17, 2019 05:08 pm",Tuesday,2,2,0,0,0,0,0,1,50.00%,1,0,0.00%,0,0,0,0,0,75e4ece28d,0,0,0
"Deepnews Digest: Autonomous",a,test_deepnews_reviews,"Sep 17, 2019 05:11 pm",Tuesday,2,2,0,0,0,0,0,1,50.00%,1,0,0.00%,0,0,0,0,0,0a1b1a17d8,0,0,0
"Deepnews Digest: Autonomous",a,test_deepnews_reviews,"Sep 17, 2019 05:16 pm",Tuesday,2,2,0,0,0,0,0,1,50.00%,1,0,0.00%,0,0,0,0,0,c17ebcda96,0,0,0
"Deepnews Digest: Autonomous",a,test_deepnews_reviews,"Sep 17, 2019 05:16 pm",Tuesday,2,2,0,0,0,0,0,1,50.00%,1,0,0.00%,0,0,0,0,0,57f9798b16,0,0,0
"Deepnews Digest: Autonomous",a,test_deepnews_reviews,"Sep 17, 2019 05:20 pm",Tuesday,2,2,0,0,0,0,0,1,50.00%,1,0,0.00%,0,0,0,0,0,b2c7b0ca5b,0,0,0
"Deepnews Digest: Autonomous",a,test_deepnews_reviews,"Sep 17, 2019 05:22 pm",Tuesday,2,2,0,0,0,0,0,1,50.00%,1,0,0.00%,0,0,0,0,0,44e5068fb6,0,0,0
"Deepnews Digest: Autonomous",a,test_deepnews_reviews,"Sep 17, 2019 05:22 pm",Tuesday,2,2,0,0,0,0,0,1,50.00%,1,0,0.00%,0,0,0,0,0,02f592a61e,0,0,0
"Deepnews Digest: Autonomous",a,test_deepnews_reviews,"Sep 17, 2019 05:24 pm",Tuesday,2,2,0,0,0,0,0,1,50.00%,1,0,0.00%,0,0,0,0,0,ab43ca6940,0,0,0
"Deepnews Digest: Autonomous",a,test_deepnews_reviews,"Sep 17, 2019 05:25 pm",Tuesday,2,2,0,0,0,0,0,1,50.00%,1,0,0.00%,0,0,0,0,0,97c94a5708,0,0,0
"Deepnews Digest: Autonomous",a,test_deepnews_reviews,"Sep 17, 2019 05:26 pm",Tuesday,2,2,0,0,0,0,0,1,50.00%,1,0,0.00%,0,0,0,0,0,8b43189cf9,0,0,0
"Deepnews Digest: Autonomous",a,test_deepnews_reviews,"Sep 17, 2019 05:28 pm",Tuesday,2,2,0,0,0,0,0,1,50.00%,1,0,0.00%,0,0,0,0,0,755f5efbee,0,0,0
"Deepnews Digest: Autonomous",a,test_deepnews_reviews,"Sep 17, 2019 05:28 pm",Tuesday,2,2,0,0,0,0,0,1,50.00%,1,0,0.00%,0,0,0,0,0,5bc6afabb0,0,0,0
"Deepnews Digest: Autonomous",a,test_deepnews_reviews,"Sep 17, 2019 05:30 pm",Tuesday,2,2,0,0,0,0,0,1,50.00%,1,0,0.00%,0,0,0,0,0,7155e421c2,0,0,0
"Deepnews Digest: Autonomous",a,test_deepnews_reviews,"Sep 17, 2019 05:31 pm",Tuesday,2,2,0,0,0,0,0,1,50.00%,1,0,0.00%,0,0,0,0,0,c5efa9854c,0,0,0
"Deepnews Digest: Autonomous",a,test_deepnews_reviews,"Sep 17, 2019 05:32 pm",Tuesday,2,2,0,0,0,0,0,1,50.00%,1,0,0.00%,0,0,0,0,0,0e7a0dded2,0,0,0
"Deepnews Digest: Autonomous",a,test_deepnews_reviews,"Sep 17, 2019 05:32 pm",Tuesday,2,2,0,0,0,0,0,1,50.00%,1,0,0.00%,0,0,0,0,0,d349ddd034,0,0,0
"Deepnews Digest: Autonomous",a,test_deepnews_reviews,"Sep 17, 2019 05:34 pm",Tuesday,2,2,0,0,0,0,0,1,50.00%,1,0,0.00%,0,0,0,0,0,435dabf9a7,0,0,0
"Deepnews Digest: Autonomous",a,test_deepnews_reviews,"Sep 17, 2019 05:35 pm",Tuesday,2,2,0,0,0,0,0,1,50.00%,1,0,0.00%,0,0,0,0,0,5f51bedc75,0,0,0
"Deepnews Digest: Autonomous",a,test_deepnews_reviews,"Sep 17, 2019 05:35 pm",Tuesday,2,2,0,0,0,0,0,1,50.00%,1,0,0.00%,0,0,0,0,0,541762a366,0,0,0
"Deepnews Digest: Autonomous",a,test_deepnews_reviews,"Sep 17, 2019 05:44 pm",Tuesday,2,2,0,0,0,0,0,1,50.00%,1,0,0.00%,0,0,0,0,0,4a85b1787c,0,0,0
"Deepnews Digest: Autonomous",a,test_deepnews_reviews,"Sep 17, 2019 05:44 pm",Tuesday,2,2,0,0,0,0,0,1,50.00%,1,0,0.00%,0,0,0,0,0,15d6253971,0,0,0
"Deepnews Digest: Autonomous",a,test_deepnews_reviews,"Sep 17, 2019 05:46 pm",Tuesday,2,2,0,0,0,0,0,1,50.00%,1,0,0.00%,0,0,0,0,0,63282b70c6,0,0,0
"Deepnews Digest: Autonomous",a,test_deepnews_reviews,"Sep 17, 2019 05:46 pm",Tuesday,2,2,0,0,0,0,0,1,50.00%,1,0,0.00%,0,0,0,0,0,9cc14418ae,0,0,0
"Deepnews Digest: Autonomous",a,test_deepnews_reviews,"Sep 17, 2019 05:47 pm",Tuesday,2,2,0,0,0,0,0,1,50.00%,1,0,0.00%,0,0,0,0,0,fe39c800f2,0,0,0
"Deepnews Digest: Autonomous",a,test_deepnews_reviews,"Sep 17, 2019 05:47 pm",Tuesday,2,2,0,0,0,0,0,1,50.00%,1,0,0.00%,0,0,0,0,0,9723ef0d8f,0,0,0
"Deepnews Digest: Autonomous",a,test_deepnews_reviews,"Sep 17, 2019 05:48 pm",Tuesday,2,2,0,0,0,0,0,1,50.00%,1,0,0.00%,0,0,0,0,0,999c2f1001,0,0,0
"Deepnews Digest: Autonomous",a,test_deepnews_reviews,"Sep 17, 2019 05:48 pm",Tuesday,2,2,0,0,0,0,0,0,0.00%,0,0,0.00%,0,0,0,0,0,ecaa3bb9fc,0,0,0
"Deepnews Digest: Autonomous","Autonomous Vehicles",test_deepnews_reviews,"Sep 18, 2019 08:27 am",Wednesday,2,2,0,0,0,0,0,0,0.00%,0,0,0.00%,0,0,0,0,0,6f443ea090,0,0,0
"Deepnews Digest: Autonomous","Autonomous Vehicles",test_deepnews_reviews,"Sep 18, 2019 08:28 am",Wednesday,2,2,0,0,0,0,0,0,0.00%,0,0,0.00%,0,0,0,0,0,64a30e60d0,0,0,0
"Deepnews Digest: Autonomous",a,test_deepnews_reviews,"Sep 18, 2019 08:30 am",Wednesday,2,2,0,0,0,0,0,0,0.00%,0,0,0.00%,0,0,0,0,0,f576525104,0,0,0
"Deepnews Digest: Autonomous",a,test_deepnews_reviews,"Sep 18, 2019 08:30 am",Wednesday,2,2,0,0,0,0,0,0,0.00%,0,0,0.00%,0,0,0,0,0,87d0977426,0,0,0
"Deepnews Digest: Autonomous",a,test_deepnews_reviews,"Sep 18, 2019 08:32 am",Wednesday,2,2,0,0,0,0,0,0,0.00%,0,0,0.00%,0,0,0,0,0,1da07c3520,0,0,0
"Deepnews Digest: Autonomous",a,test_deepnews_reviews,"Sep 18, 2019 02:58 pm",Wednesday,2,2,0,0,0,0,0,0,0.00%,0,0,0.00%,0,0,0,0,0,f78b0570a4,0,0,0
"Deepnews Digest: Autonomous",a,test_deepnews_reviews,"Sep 19, 2019 04:32 pm",Thursday,2,2,0,0,0,0,0,1,50.00%,1,0,0.00%,0,0,0,0,0,d89d3b1e8f,0,0,0
"Deepnews Digest: Autonomous",a,test_deepnews_reviews,"Sep 19, 2019 04:34 pm",Thursday,2,2,0,0,0,0,0,1,50.00%,1,0,0.00%,0,0,0,0,0,ff3da7b267,0,0,0
"Deepnews Digest: Autonomous",a,test_deepnews_reviews,"Sep 19, 2019 04:52 pm",Thursday,2,2,0,0,0,0,0,1,50.00%,1,0,0.00%,0,0,0,0,0,a1d4023896,0,0,0
"Deepnews Digest: Autonomous",a,test_deepnews_reviews,"Sep 19, 2019 04:53 pm",Thursday,2,2,0,0,0,0,0,1,50.00%,1,0,0.00%,0,0,0,0,0,17548ab66e,0,0,0
"Deepnews Digest: Autonomous",a,test_deepnews_reviews,"Sep 19, 2019 04:55 pm",Thursday,2,2,0,0,0,0,0,1,50.00%,1,0,0.00%,0,0,0,0,0,76079b129b,0,0,0
"Deepnews Digest: Autonomous",a,test_deepnews_reviews,"Sep 19, 2019 04:55 pm",Thursday,2,2,0,0,0,0,0,1,50.00%,1,0,0.00%,0,0,0,0,0,44e215e1ba,0,0,0
"Deepnews Digest: Autonomous",a,test_deepnews_reviews,"Sep 19, 2019 04:58 pm",Thursday,2,2,0,0,0,0,0,1,50.00%,1,0,0.00%,0,0,0,0,0,221eeaedfe,0,0,0
"Deepnews Digest: Autonomous",a,test_deepnews_reviews,"Sep 19, 2019 04:58 pm",Thursday,2,2,0,0,0,0,0,2,100.00%,4,0,0.00%,0,0,0,0,0,ced490f8a9,0,0,0
"Deepnews Digest #20: Someone Struck Oil","Someone Struck Oil",for_victor,"Sep 20, 2019 09:10 am",Friday,3,3,0,0,0,0,0,3,100.00%,3,0,0.00%,0,0,0,0,0,8866a19ccd,0,0,0
"Deepnews Digest #20: Someone Struck Oil","Someone Struck Oil",for_victor,"Sep 20, 2019 09:25 am",Friday,3,3,0,0,0,0,0,2,66.67%,2,0,0.00%,0,0,0,0,0,244c575438,0,0,0
"Deepnews Digest #20: Struck Oil","Struck Oil",liste_interne,"Sep 20, 2019 10:16 am",Friday,5,5,0,0,0,0,0,5,100.00%,10,2,40.00%,7,0,0,0,0,2064b5dbf1,0,0,0
"Deepnews Digest #20: Struck Oil","Struck Oil","Deepnews Digest","Sep 20, 2019 10:58 am",Friday,2088,2084,2,2,4,0,0,1080,51.82%,1788,119,5.71%,206,11,0,0,4459,26f414152a,0,0,0
"Deepnews Digest: Autonomous","Smart Citites",test_deepnews_reviews,"Sep 20, 2019 05:18 pm",Friday,2,2,0,0,0,0,0,1,50.00%,1,0,0.00%,0,0,0,0,0,26002260e0,0,0,0
"Deepnews Digest: Autonomous","Smart Citites",test_deepnews_reviews,"Sep 20, 2019 05:22 pm",Friday,2,2,0,0,0,0,0,1,50.00%,1,0,0.00%,0,0,0,0,0,f50872ace5,0,0,0
"557 - Le Monde (no jlg) ","Monday Note #557 - Power Play at Le Monde, part 2: House of Niel",ALL_from_madmimi,"Sep 22, 2019 08:22 pm",Sunday,12497,12471,19,7,26,0,0,4595,36.85%,7975,181,1.45%,231,29,0,0,0,037d04c67d,0,0,0
"Verticals MR Email A/B #1",,"Deepnews Digest","Sep 23, 2019 11:24 am",Monday,1716,1716,0,0,0,0,0,892,51.98%,1528,214,12.47%,0,2,0,0,0,db4871da51,0,0,0
"Verticals MR Email A/B #1 | Combo 1","Contribute to new Deepnews.ai publications","Deepnews Digest","Sep 23, 2019 11:25 am",Monday,858,858,0,0,0,0,0,448,52.21%,757,106,12.35%,130,0,0,0,0,3f2168aa8d,0,0,0
"Verticals MR Email A/B #1 | Combo 2","Contribute to new Deepnews.ai publications","Deepnews Digest","Sep 23, 2019 11:25 am",Monday,858,858,0,0,0,0,0,444,51.75%,771,108,12.59%,126,2,0,0,0,bef5e35dee,0,0,0
"Deepnews Digest #21: Thomas Cooked","Thomas Cooked",for_victor,"Sep 27, 2019 10:10 am",Friday,3,3,0,0,0,0,0,3,100.00%,4,1,33.33%,2,0,0,0,0,54504472b1,0,0,0
"Deepnews Digest #21: Thomas Cooked","Thomas Cooked",for_victor,"Sep 27, 2019 10:17 am",Friday,3,3,0,0,0,0,0,2,66.67%,4,1,33.33%,4,0,0,0,0,16cf1e944a,0,0,0
"Deepnews Digest #21: Thomas Cooked","Thomas Cooked",for_victor,"Sep 27, 2019 10:39 am",Friday,3,3,0,0,0,0,0,2,66.67%,3,0,0.00%,0,0,0,0,0,a20913a05a,0,0,0
"Deepnews Digest #21: Thomas Cooked","Thomas Cooked",liste_interne,"Sep 27, 2019 10:44 am",Friday,5,5,0,0,0,0,0,4,80.00%,6,0,0.00%,0,0,0,0,0,5b1b3326ea,0,0,0
"Deepnews Digest #21: Thomas Cooked","Thomas Cooked","Deepnews Digest","Sep 27, 2019 11:09 am",Friday,2107,2104,2,1,3,0,0,1051,49.95%,1910,216,10.27%,342,8,0,0,4459,d6959bd1d2,0,0,0
"558- Briefing (FF) + Tesla (JLG)","Monday Note #558 - Briefing on Google | Le Monde | Vox | Deepnews (FF) •  Porsche vs Tesla (JLG)",ALL_from_madmimi,"Sep 29, 2019 09:34 pm",Sunday,12471,12426,38,7,45,0,0,4913,39.54%,9046,569,4.58%,1011,18,0,0,0,899046b4a4,0,0,0
"Deepnews Digest: Autonomous",test,test_deepnews_reviews,"Sep 30, 2019 03:04 pm",Monday,2,2,0,0,0,0,0,0,0.00%,0,0,0.00%,0,0,0,0,0,b047a89193,0,0,0
"Deepnews Digest: Autonomous",test,test_deepnews_reviews,"Sep 30, 2019 03:06 pm",Monday,2,2,0,0,0,0,0,0,0.00%,0,0,0.00%,0,0,0,0,0,e5a20bdf4e,0,0,0
"Deepnews Digest: Autonomous","Self-Drive Yourself Crazy",test_deepnews_reviews,"Sep 30, 2019 03:18 pm",Monday,2,2,0,0,0,0,0,1,50.00%,1,0,0.00%,0,0,0,0,0,528d11d58d,0,0,0
"Deepnews Digest: Autonomous","Self-Drive Yourself Crazy",test_deepnews_reviews,"Sep 30, 2019 03:21 pm",Monday,2,2,0,0,0,0,0,1,50.00%,1,0,0.00%,0,0,0,0,0,a801882eb5,0,0,0
"Deepnews Digest: Autonomous","Self-Drive Yourself Crazy",test_deepnews_reviews,"Sep 30, 2019 03:43 pm",Monday,2,2,0,0,0,0,0,1,50.00%,1,0,0.00%,0,0,0,0,0,340fbc7aa6,0,0,0
"Deepnews Digest: Autonomous","Self-Drive Yourself Crazy",test_deepnews_reviews,"Sep 30, 2019 03:45 pm",Monday,2,2,0,0,0,0,0,1,50.00%,1,0,0.00%,0,0,0,0,0,eea3a9d4d0,0,0,0
"Deepnews Digest: Autonomous","Self-Drive Yourself Crazy",test_deepnews_reviews,"Sep 30, 2019 03:46 pm",Monday,2,2,0,0,0,0,0,1,50.00%,1,0,0.00%,0,0,0,0,0,8865bb57a9,0,0,0
"Deepnews Digest: Autonomous","Self-Drive Yourself Crazy",test_deepnews_reviews,"Sep 30, 2019 03:46 pm",Monday,2,2,0,0,0,0,0,1,50.00%,1,0,0.00%,0,0,0,0,0,0fc37933e5,0,0,0
"Deepnews Digest: Autonomous","Self-Drive Yourself Crazy",test_deepnews_reviews,"Oct 03, 2019 10:22 am",Thursday,2,2,0,0,0,0,0,2,100.00%,5,0,0.00%,0,0,0,0,0,f435ccac09,0,0,0
"Deepnews Digest #22: Ripe for Impeachment?","Ripe for Impeachment?",for_victor,"Oct 04, 2019 10:40 am",Friday,3,3,0,0,0,0,0,2,66.67%,3,0,0.00%,0,0,0,0,0,12aebaa6ea,0,0,0
"Deepnews Digest #22: Ripe for Impeachment?","Ripe for Impeachment?",for_victor,"Oct 04, 2019 10:48 am",Friday,3,3,0,0,0,0,0,2,66.67%,3,0,0.00%,0,0,0,0,0,39842aed52,0,0,0
"Deepnews Digest #22: Ripe for Impeachment?","Ripe for Impeachment?",liste_interne,"Oct 04, 2019 11:13 am",Friday,5,5,0,0,0,0,0,4,80.00%,11,1,20.00%,3,0,0,0,0,53107de556,0,0,0
"Deepnews Digest #22: Ripe for Impeachment?","Ripe for Impeachment?",liste_interne,"Oct 04, 2019 11:54 am",Friday,5,5,0,0,0,0,0,3,60.00%,4,0,0.00%,0,0,0,0,0,1fde3054b5,0,0,0
"Deepnews Digest #22: Ripe for Impeachment?","Ripe for Impeachment?",liste_interne,"Oct 04, 2019 11:59 am",Friday,5,5,0,0,0,0,0,3,60.00%,6,1,20.00%,2,0,0,0,0,3e2d32172d,0,0,0
"Deepnews Digest #22: Ripe for Impeachment?","Ripe for Impeachment?","Deepnews Digest","Oct 04, 2019 12:02 pm",Friday,2182,2179,3,0,3,0,0,1106,50.76%,1817,178,8.17%,271,6,0,0,4459,baba694f2e,0,0,0
"559 - MSFT announcements (JLG solo) ","Monday Note #559 - Microsoft Puzzling Announcements (J.-L. Gassée)",ALL_from_madmimi,"Oct 07, 2019 09:00 am",Monday,12472,12447,18,7,25,0,0,4701,37.77%,8155,381,3.06%,594,14,0,0,0,71f6f9ce8a,0,0,0
"Deepnews Digest: Autonomous","Self-Drive Yourself Crazy",test_deepnews_reviews,"Oct 07, 2019 01:18 pm",Monday,2,2,0,0,0,0,0,1,50.00%,1,0,0.00%,0,0,0,0,0,a9ed901a3e,0,0,0
"Deepnews Digest: Autonomous","Self-Drive Yourself Crazy",for_victor,"Oct 07, 2019 01:19 pm",Monday,3,3,0,0,0,0,0,2,66.67%,2,0,0.00%,0,0,0,0,0,04bea77f4f,0,0,0
"Deepnews Digest: Autonomous","Self-Drive Yourself Crazy",test_deepnews_reviews,"Oct 07, 2019 01:30 pm",Monday,2,2,0,0,0,0,0,1,50.00%,1,0,0.00%,0,0,0,0,0,7bd038aa30,0,0,0
"Deepnews Digest: Autonomous","Self-Drive Yourself Crazy",for_victor,"Oct 07, 2019 01:30 pm",Monday,3,3,0,0,0,0,0,2,66.67%,2,0,0.00%,0,0,0,0,0,89c580a585,0,0,0
"Deepnews Digest: Autonomous","Self-Drive Yourself Crazy",test_deepnews_reviews,"Oct 07, 2019 01:42 pm",Monday,2,2,0,0,0,0,0,2,100.00%,2,0,0.00%,0,0,0,0,0,db20a61934,0,0,0
"Deepnews Digest: Autonomous","Self-Drive Yourself Crazy",for_victor,"Oct 07, 2019 01:42 pm",Monday,3,3,0,0,0,0,0,2,66.67%,2,0,0.00%,0,0,0,0,0,fb356fadef,0,0,0
"Deepnews Digest: Autonomous","Self-Drive Yourself Crazy",test_deepnews_reviews,"Oct 07, 2019 03:01 pm",Monday,2,2,0,0,0,0,0,2,100.00%,2,0,0.00%,0,0,0,0,0,d739d56063,0,0,0
"Deepnews Digest: Autonomous","Self-Drive Yourself Crazy",test_deepnews_reviews,"Oct 07, 2019 03:41 pm",Monday,2,2,0,0,0,0,0,1,50.00%,1,0,0.00%,0,0,0,0,0,96905ac277,0,0,0
"Deepnews Digest: Autonomous","Self-Drive Yourself Crazy",test_deepnews_reviews,"Oct 07, 2019 04:05 pm",Monday,2,2,0,0,0,0,0,1,50.00%,1,0,0.00%,0,0,0,0,0,862ebf9063,0,0,0
"Deepnews Digest: Autonomous","Self-Drive Yourself Crazy",test_deepnews_reviews,"Oct 07, 2019 04:26 pm",Monday,2,2,0,0,0,0,0,2,100.00%,3,0,0.00%,0,0,0,0,0,7cbc4cb54f,0,0,0
"Deepnews Digest: Autonomous","Self-Drive Yourself Crazy",test_deepnews_reviews,"Oct 07, 2019 04:32 pm",Monday,2,2,0,0,0,0,0,2,100.00%,4,0,0.00%,0,0,0,0,0,d362f00c01,0,0,0
"Deepnews Digest: Autonomous","Getting the Green Light",test_deepnews_reviews,"Oct 08, 2019 11:34 am",Tuesday,2,2,0,0,0,0,0,1,50.00%,1,0,0.00%,0,0,0,0,0,29d1dac504,0,0,0
"Deepnews Digest: Autonomous","Self-Drive Yourself Crazy",test_deepnews_reviews,"Oct 09, 2019 02:36 pm",Wednesday,2,2,0,0,0,0,0,0,0.00%,0,0,0.00%,0,0,0,0,0,a8ca24d2fc,0,0,0
"Deepnews Digest: Autonomous","Self-Drive Yourself Crazy",test_deepnews_reviews,"Oct 09, 2019 02:56 pm",Wednesday,2,2,0,0,0,0,0,0,0.00%,0,0,0.00%,0,0,0,0,0,e971d65353,0,0,0
"Deepnews Digest: Autonomous","Self-Drive Yourself Crazy",test_deepnews_reviews,"Oct 09, 2019 02:57 pm",Wednesday,2,2,0,0,0,0,0,0,0.00%,0,0,0.00%,0,0,0,0,0,b8daffdba1,0,0,0
"Deepnews Digest: Autonomous","Self-Drive Yourself Crazy",test_deepnews_reviews,"Oct 09, 2019 02:59 pm",Wednesday,2,2,0,0,0,0,0,0,0.00%,0,0,0.00%,0,0,0,0,0,26e21514e8,0,0,0
"Deepnews Digest: Autonomous","Self-Drive Yourself Crazy",test_deepnews_reviews,"Oct 09, 2019 03:26 pm",Wednesday,2,2,0,0,0,0,0,0,0.00%,0,0,0.00%,0,0,0,0,0,d68d46471f,0,0,0
"Deepnews Digest: Autonomous","Self-Drive Yourself Crazy",test_deepnews_reviews,"Oct 09, 2019 03:27 pm",Wednesday,2,2,0,0,0,0,0,0,0.00%,0,0,0.00%,0,0,0,0,0,1aa54501dc,0,0,0
"Deepnews Digest: Autonomous","Self-Drive Yourself Crazy",test_deepnews_reviews,"Oct 09, 2019 03:28 pm",Wednesday,2,2,0,0,0,0,0,0,0.00%,0,0,0.00%,0,0,0,0,0,a771f009cc,0,0,0
"Deepnews Digest: Autonomous","Self-Drive Yourself Crazy",test_deepnews_reviews,"Oct 09, 2019 03:28 pm",Wednesday,2,2,0,0,0,0,0,0,0.00%,0,0,0.00%,0,0,0,0,0,bbeaf624cf,0,0,0
"Deepnews Digest: Autonomous","Farm to Table",test_deepnews_reviews,"Oct 10, 2019 01:23 pm",Thursday,2,2,0,0,0,0,0,1,50.00%,1,0,0.00%,0,0,0,0,0,e1e0b12951,0,0,0
"Deepnews Digest #23: Ankara Attacks","Ankara Attacks",for_victor,"Oct 11, 2019 10:22 am",Friday,3,3,0,0,0,0,0,3,100.00%,3,3,100.00%,4,0,0,0,0,0e367cd6dd,0,0,0
"Deepnews Digest #23: Ankara Attacks","Ankara Attacks",for_victor,"Oct 11, 2019 10:35 am",Friday,3,3,0,0,0,0,0,2,66.67%,3,1,33.33%,1,0,0,0,0,4c374d4edc,0,0,0
"Deepnews Digest #23: Ankara Attacks","Ankara Attacks",for_victor,"Oct 11, 2019 10:38 am",Friday,3,3,0,0,0,0,0,2,66.67%,2,0,0.00%,0,0,0,0,0,796440bd4f,0,0,0
"Deepnews Digest #23: Ankara Attacks","Ankara Attacks",liste_interne,"Oct 11, 2019 10:41 am",Friday,5,5,0,0,0,0,0,4,80.00%,4,2,40.00%,5,0,0,0,0,efc698b658,0,0,0
"Deepnews Digest #23: Ankara Attacks","Ankara Attacks",for_victor,"Oct 11, 2019 10:52 am",Friday,3,3,0,0,0,0,0,2,66.67%,3,1,33.33%,3,0,0,0,0,97487ade80,0,0,0
"Deepnews Digest #23: Ankara Attacks","Ankara Attacks","Deepnews Digest","Oct 11, 2019 10:57 am",Friday,2229,2223,3,3,6,0,0,1139,51.24%,1929,133,5.98%,269,9,0,0,4459,620c0145f1,0,0,0
"Deepnews Digest: Autonomous","Self-Drive Yourself Crazy",test_deepnews_reviews,"Oct 14, 2019 08:30 am",Monday,2,2,0,0,0,0,0,1,50.00%,1,0,0.00%,0,0,0,0,0,e1b46c0996,0,0,0
"Deepnews Digest: Autonomous","Self-Drive Yourself Crazy",for_victor,"Oct 14, 2019 08:30 am",Monday,3,3,0,0,0,0,0,2,66.67%,2,0,0.00%,0,0,0,0,0,426680ba18,0,0,0
"Deepnews Digest: Autonomous","Tales from the Crypto",test_deepnews_reviews,"Oct 14, 2019 09:01 am",Monday,2,2,0,0,0,0,0,0,0.00%,0,0,0.00%,0,0,0,0,0,ec06f4781b,0,0,0
"Deepnews Digest: Autonomous","Tales from the Crypto",test_deepnews_reviews,"Oct 14, 2019 09:07 am",Monday,2,2,0,0,0,0,0,0,0.00%,0,0,0.00%,0,0,0,0,0,1c1f3afddb,0,0,0
"Deepnews Digest: Autonomous","Self-Drive Yourself Crazy",test_deepnews_reviews,"Oct 14, 2019 09:28 am",Monday,2,2,0,0,0,0,0,1,50.00%,1,0,0.00%,0,0,0,0,0,5af728e677,0,0,0
"Deepnews Digest: Autonomous","Self-Drive Yourself Crazy",test_deepnews_reviews,"Oct 14, 2019 09:47 am",Monday,2,2,0,0,0,0,0,1,50.00%,1,0,0.00%,0,0,0,0,0,68b4e6ac50,0,0,0
"560 - google french pubs (FF solo)","Monday Note #560 - Google and French Publishers Are Ready for a Showdown, by Frederic Filloux",ALL_from_madmimi,"Oct 14, 2019 07:52 pm",Monday,12466,12433,21,12,33,0,0,4536,36.48%,8044,132,1.06%,186,18,0,0,0,c67cb65fa6,0,0,0
"Deepnews Digest: Autonomous","Self-Drive Yourself Crazy",test_deepnews_reviews,"Oct 15, 2019 05:59 pm",Tuesday,2,2,0,0,0,0,0,1,50.00%,1,0,0.00%,0,0,0,0,0,7ddea21662,0,0,0
"Deepnews Digest: Autonomous","Farm to Table",test_deepnews_reviews,"Oct 15, 2019 10:57 pm",Tuesday,2,2,0,0,0,0,0,0,0.00%,0,0,0.00%,0,0,0,0,0,9660cdbcf0,0,0,0
"Deepnews Digest: Autonomous","Farm to Table",for_victor,"Oct 15, 2019 10:57 pm",Tuesday,3,3,0,0,0,0,0,1,33.33%,1,0,0.00%,0,0,0,0,0,d99bafafe6,0,0,0
"Deepnews Digest: Autonomous","The Deepnews on ... Fake News",test_deepnews_reviews,"Oct 15, 2019 11:20 pm",Tuesday,2,2,0,0,0,0,0,0,0.00%,0,0,0.00%,0,0,0,0,0,7382a273a7,0,0,0
"Deepnews Digest: Autonomous","The Deepnews on ... the sharing economy",test_deepnews_reviews,"Oct 15, 2019 11:47 pm",Tuesday,2,2,0,0,0,0,0,1,50.00%,1,0,0.00%,0,0,0,0,0,f7301a31e1,0,0,0
"Deepnews Digest: Autonomous","The Deepnews on ... GDPR",test_deepnews_reviews,"Oct 16, 2019 08:39 am",Wednesday,2,2,0,0,0,0,0,1,50.00%,1,0,0.00%,0,0,0,0,0,1abe77acf7,0,0,0
"Deepnews Digest: Autonomous","The Deepnews on ... 3D Printing",test_deepnews_reviews,"Oct 16, 2019 02:54 pm",Wednesday,2,2,0,0,0,0,0,0,0.00%,0,0,0.00%,0,0,0,0,0,f7853eb750,0,0,0
"Deepnews Digest: Autonomous","The Deepnews on ... 3D Printing",test_deepnews_reviews,"Oct 16, 2019 02:57 pm",Wednesday,2,2,0,0,0,0,0,0,0.00%,0,0,0.00%,0,0,0,0,0,649ca0cf56,0,0,0
"Deepnews Digest: Autonomous","The Deepnews on ... 3D Printing",test_deepnews_reviews,"Oct 16, 2019 03:03 pm",Wednesday,2,2,0,0,0,0,0,0,0.00%,0,0,0.00%,0,0,0,0,0,0819e9ced2,0,0,0
"Deepnews Digest: Autonomous","The Deepnews on ... 3D Printing",test_deepnews_reviews,"Oct 16, 2019 03:05 pm",Wednesday,2,2,0,0,0,0,0,0,0.00%,0,0,0.00%,0,0,0,0,0,072df79150,0,0,0
"Deepnews Digest: Autonomous","The Deepnews on ... 3D Printing",test_deepnews_reviews,"Oct 16, 2019 03:08 pm",Wednesday,2,2,0,0,0,0,0,0,0.00%,0,0,0.00%,0,0,0,0,0,379a8dc7e6,0,0,0
"Deepnews Digest: Autonomous","The Deepnews on ... Fake News",test_deepnews_reviews,"Oct 16, 2019 05:30 pm",Wednesday,2,2,0,0,0,0,0,0,0.00%,0,0,0.00%,0,0,0,0,0,3c59168460,0,0,0
"Deepnews Digest: Autonomous","The Deepnews on ... Smart Cities",test_deepnews_reviews,"Oct 16, 2019 05:58 pm",Wednesday,2,2,0,0,0,0,0,0,0.00%,0,0,0.00%,0,0,0,0,0,eade5fbd6e,0,0,0
"Deepnews Digest: Autonomous","The Deepnews on ... the Future of Food",test_deepnews_reviews,"Oct 16, 2019 07:45 pm",Wednesday,2,2,0,0,0,0,0,0,0.00%,0,0,0.00%,0,0,0,0,0,5a3c4aee17,0,0,0
"Deepnews Digest: Autonomous","Seeing Green",test_deepnews_reviews,"Oct 16, 2019 08:06 pm",Wednesday,2,2,0,0,0,0,0,0,0.00%,0,0,0.00%,0,0,0,0,0,4d87e4bc5e,0,0,0
"Deepnews Digest: Autonomous","Seeing Green",for_victor,"Oct 16, 2019 08:06 pm",Wednesday,3,3,0,0,0,0,0,1,33.33%,1,0,0.00%,0,0,0,0,0,aa001f3e96,0,0,0
"Deepnews Digest: Autonomous","The Deepnews on ... Smart Cities",test_deepnews_reviews,"Oct 16, 2019 09:03 pm",Wednesday,2,2,0,0,0,0,0,0,0.00%,0,0,0.00%,0,0,0,0,0,e30906e516,0,0,0
"Deepnews Digest: Autonomous","The Deepnews on ... Smart Cities",for_victor,"Oct 16, 2019 09:03 pm",Wednesday,3,3,0,0,0,0,0,1,33.33%,1,0,0.00%,0,0,0,0,0,5be385a9b5,0,0,0
"Deepnews Digest: Autonomous","The Deepnews on ... 3D Printing",test_deepnews_reviews,"Oct 16, 2019 09:08 pm",Wednesday,2,2,0,0,0,0,0,0,0.00%,0,0,0.00%,0,0,0,0,0,b9a4403085,0,0,0
"Deepnews Digest: Autonomous","The Deepnews on ... 3D Printing",for_victor,"Oct 16, 2019 09:08 pm",Wednesday,3,3,0,0,0,0,0,1,33.33%,1,0,0.00%,0,0,0,0,0,056bbd6acd,0,0,0
"Deepnews Digest: Autonomous","The Deepnews on ... GDPR",test_deepnews_reviews,"Oct 16, 2019 09:09 pm",Wednesday,2,2,0,0,0,0,0,0,0.00%,0,0,0.00%,0,0,0,0,0,1ae0dc636c,0,0,0
"Deepnews Digest: Autonomous","The Deepnews on ... GDPR",for_victor,"Oct 16, 2019 09:09 pm",Wednesday,3,3,0,0,0,0,0,1,33.33%,1,0,0.00%,0,0,0,0,0,4cc7516636,0,0,0
"Deepnews Digest: Autonomous","The Deepnews on ... Fake News",test_deepnews_reviews,"Oct 16, 2019 09:16 pm",Wednesday,2,2,0,0,0,0,0,0,0.00%,0,0,0.00%,0,0,0,0,0,202528fb80,0,0,0
"Deepnews Digest: Autonomous","The Deepnews on ... Fake News",for_victor,"Oct 16, 2019 09:16 pm",Wednesday,3,3,0,0,0,0,0,1,33.33%,1,0,0.00%,0,0,0,0,0,cf17d13b14,0,0,0
"Deepnews Digest: Autonomous","Self-Drive Yourself Crazy",test_deepnews_reviews,"Oct 16, 2019 09:16 pm",Wednesday,2,2,0,0,0,0,0,0,0.00%,0,0,0.00%,0,0,0,0,0,283c547e87,0,0,0
"Deepnews Digest: Autonomous","Self-Drive Yourself Crazy",for_victor,"Oct 16, 2019 09:16 pm",Wednesday,3,3,0,0,0,0,0,1,33.33%,1,0,0.00%,0,0,0,0,0,671c2d403b,0,0,0
"Deepnews Digest: Autonomous","The Deepnews on ... the Future of Food",test_deepnews_reviews,"Oct 16, 2019 09:18 pm",Wednesday,2,2,0,0,0,0,0,0,0.00%,0,0,0.00%,0,0,0,0,0,4b06fe1061,0,0,0
"Deepnews Digest: Autonomous","The Deepnews on ... the Future of Food",for_victor,"Oct 16, 2019 09:19 pm",Wednesday,3,3,0,0,0,0,0,1,33.33%,1,0,0.00%,0,0,0,0,0,a8dcb58870,0,0,0
"Deepnews Digest: Autonomous","The Deepnews on ... Future of Food",test_deepnews_reviews,"Oct 17, 2019 12:17 pm",Thursday,2,2,0,0,0,0,0,0,0.00%,0,0,0.00%,0,0,0,0,0,5ba94aaf7b,0,0,0
"Deepnews Digest: Autonomous","The Deepnews on ... Future of Food",test_deepnews_reviews,"Oct 17, 2019 12:23 pm",Thursday,2,2,0,0,0,0,0,0,0.00%,0,0,0.00%,0,0,0,0,0,980901d5c1,0,0,0
"Deepnews Digest: Autonomous","The Deepnews on ... Future of Food",for_victor,"Oct 17, 2019 12:24 pm",Thursday,3,3,0,0,0,0,0,1,33.33%,1,0,0.00%,0,0,0,0,0,b2a9ee4024,0,0,0
"Deepnews Digest: Autonomous","The Deepnews on ... Future of Food",test_deepnews_reviews,"Oct 17, 2019 12:24 pm",Thursday,2,2,0,0,0,0,0,0,0.00%,0,0,0.00%,0,0,0,0,0,a1c4b396b1,0,0,0
"Deepnews Digest: Autonomous","The Deepnews on ... Future of Food",for_victor,"Oct 17, 2019 12:24 pm",Thursday,3,3,0,0,0,0,0,1,33.33%,1,0,0.00%,0,0,0,0,0,ccf2d178b0,0,0,0
"Deepnews Digest #24: The Deepnews on ... 3D Printing","The Deepnews on ... 3D Printing",for_victor,"Oct 18, 2019 11:04 am",Friday,3,3,0,0,0,0,0,2,66.67%,2,0,0.00%,0,0,0,0,0,d846f4403f,0,0,0
"Deepnews Digest #24: The Deepnews on ... 3D Printing","The Deepnews on ... 3D Printing",liste_interne,"Oct 18, 2019 11:14 am",Friday,5,5,0,0,0,0,0,3,60.00%,3,0,0.00%,0,0,0,0,0,70e52dbc48,0,0,0
"Deepnews Digest #24: The Deepnews on ... 3D Printing","The Deepnews on ... 3D Printing",liste_interne,"Oct 18, 2019 11:28 am",Friday,5,5,0,0,0,0,0,3,60.00%,5,2,40.00%,2,0,0,0,0,184a28a830,0,0,0
"Deepnews Digest #24: The Deepnews on ... 3D Printing","The Deepnews on ... 3D Printing","Deepnews Digest","Oct 18, 2019 12:30 pm",Friday,2269,2263,3,3,6,0,0,1029,45.47%,1728,125,5.52%,244,14,0,0,4459,e807cd8462,0,0,0
"561 - Gilles series (1°) - JMG Amazon","Monday Note #561 - My Life as a Serial Entrepreneur (G. Raymond) — Amazon: The Grand Food Fight Strategy (J.-L. Gassée)",ALL_from_madmimi,"Oct 20, 2019 09:08 pm",Sunday,12464,12427,24,13,37,0,0,5209,41.92%,9273,260,2.09%,485,21,0,0,0,2865af724a,0,0,0
"Deepnews Digest: Autonomous","The Deepnews on ... Self-Driving Vehicles",for_victor,"Oct 21, 2019 08:46 am",Monday,3,3,0,0,0,0,0,2,66.67%,2,0,0.00%,0,0,0,0,0,45fa016d8d,0,0,0
"Deepnews Digest: Autonomous","The Deepnews on ... Self-Driving Vehicles",for_victor,"Oct 21, 2019 08:47 am",Monday,3,3,0,0,0,0,0,2,66.67%,2,0,0.00%,0,0,0,0,0,bcda7e76bf,0,0,0
"Deepnews Digest: Autonomous","The Deepnews on ... Misinformation",for_victor,"Oct 21, 2019 08:49 am",Monday,3,3,0,0,0,0,0,1,33.33%,1,0,0.00%,0,0,0,0,0,7017ba0f6a,0,0,0
"Deepnews Digest: Autonomous","The Deepnews on ... Self-Driving Vehicles",for_victor,"Oct 21, 2019 08:50 am",Monday,3,3,0,0,0,0,0,2,66.67%,2,0,0.00%,0,0,0,0,0,4e278529b3,0,0,0
"Deepnews Digest: Autonomous","The Deepnews on ... Self-Driving Vehicles",for_victor,"Oct 21, 2019 08:55 am",Monday,3,3,0,0,0,0,0,2,66.67%,2,0,0.00%,0,0,0,0,0,7acee944c6,0,0,0
"Deepnews Digest: Autonomous","The Deepnews on ... Self-Driving Vehicles",for_victor,"Oct 21, 2019 08:56 am",Monday,3,3,0,0,0,0,0,2,66.67%,2,0,0.00%,0,0,0,0,0,509bad794d,0,0,0
"Deepnews Digest: Autonomous","The Deepnews on ... Autonomous Vehicles",for_victor,"Oct 21, 2019 03:34 pm",Monday,3,3,0,0,0,0,0,1,33.33%,1,0,0.00%,0,0,0,0,0,1e77e399e7,0,0,0
"Deepnews Digest: Autonomous","The Deepnews on ... the Future of Food",for_victor,"Oct 21, 2019 03:40 pm",Monday,3,3,0,0,0,0,0,1,33.33%,1,0,0.00%,0,0,0,0,0,afe0710024,0,0,0
"Deepnews Digest: Autonomous","The Deepnews on ... The Future of Food",for_victor,"Oct 21, 2019 05:19 pm",Monday,3,3,0,0,0,0,0,1,33.33%,1,0,0.00%,0,0,0,0,0,2e65b3f227,0,0,0
"Deepnews Digest: Autonomous",food,for_victor,"Oct 22, 2019 02:06 pm",Tuesday,3,3,0,0,0,0,0,0,0.00%,0,0,0.00%,0,0,0,0,0,e276d5ad62,0,0,0
"Deepnews Digest: Autonomous","The Deepnews on ... Facial Recognition",for_victor,"Oct 22, 2019 02:16 pm",Tuesday,3,3,0,0,0,0,0,0,0.00%,0,0,0.00%,0,0,0,0,0,f8f46dae35,0,0,0
"Deepnews Digest: Autonomous",food,for_victor,"Oct 22, 2019 03:25 pm",Tuesday,3,3,0,0,0,0,0,1,33.33%,2,0,0.00%,0,0,0,0,0,55da14175c,0,0,0
"Deepnews Digest: Autonomous",VC,for_victor,"Oct 22, 2019 03:39 pm",Tuesday,3,3,0,0,0,0,0,2,66.67%,2,0,0.00%,0,0,0,0,0,d78494e858,0,0,0
"Deepnews Digest: Autonomous",VC,for_victor,"Oct 22, 2019 03:41 pm",Tuesday,3,3,0,0,0,0,0,2,66.67%,2,0,0.00%,0,0,0,0,0,ed981d5c80,0,0,0
"Deepnews Digest: Autonomous",VC,for_victor,"Oct 22, 2019 03:47 pm",Tuesday,3,3,0,0,0,0,0,2,66.67%,2,0,0.00%,0,0,0,0,0,33dfc7ac2e,0,0,0
"Deepnews Digest #24: The Deepnews on ... 3D Printing","The Deepnews on ... 3D Printing",for_victor,"Oct 22, 2019 05:04 pm",Tuesday,3,3,0,0,0,0,0,2,66.67%,2,0,0.00%,0,0,0,0,0,67ca79c1ea,0,0,0
"Deepnews Digest: Autonomous","Deepnews on ... Food Tech",for_victor,"Oct 22, 2019 05:09 pm",Tuesday,3,3,0,0,0,0,0,2,66.67%,2,0,0.00%,0,0,0,0,0,69257f8218,0,0,0
"Deepnews Digest: Autonomous","The Deepnews on ... Venture Capital",for_victor,"Oct 22, 2019 05:31 pm",Tuesday,3,3,0,0,0,0,0,2,66.67%,2,0,0.00%,0,0,0,0,0,9008f2779a,0,0,0
"Deepnews Digest: Autonomous","Deepnews on ... Food Tech",for_victor,"Oct 22, 2019 05:34 pm",Tuesday,3,3,0,0,0,0,0,2,66.67%,2,0,0.00%,0,0,0,0,0,82354433fb,0,0,0
"Deepnews Digest: Autonomous","The Deepnews on ... Autonomous Vehicles",for_victor,"Oct 23, 2019 10:00 pm",Wednesday,3,3,0,0,0,0,0,1,33.33%,1,0,0.00%,0,0,0,0,0,a2e3697a23,0,0,0
"Deepnews Digest: Autonomous","The Deepnews on ... Misinformation",for_victor,"Oct 23, 2019 11:01 pm",Wednesday,3,3,0,0,0,0,0,1,33.33%,2,0,0.00%,0,0,0,0,0,57127b20ca,0,0,0
"Deepnews Digest #25: It All WeWorked Out for Adam Neumann","It All WeWorked Out for Adam Neumann",for_victor,"Oct 25, 2019 09:23 am",Friday,3,3,0,0,0,0,0,2,66.67%,2,2,66.67%,2,0,0,0,0,c8f5112840,0,0,0
"Deepnews Digest #25: It All WeWorked Out for Adam Neumann","It All WeWorked Out for Adam Neumann",for_victor,"Oct 25, 2019 09:48 am",Friday,3,3,0,0,0,0,0,1,33.33%,1,0,0.00%,0,0,0,0,0,b17b2f7628,0,0,0
"Deepnews Digest #25: It All WeWorked Out for Adam Neumann","It All WeWorked Out for Adam Neumann",for_victor,"Oct 25, 2019 10:18 am",Friday,3,3,0,0,0,0,0,2,66.67%,3,2,66.67%,2,0,0,0,0,457e348f50,0,0,0
"Deepnews Digest #25: It All WeWorked Out for Adam Neumann","It All WeWorked Out for Adam Neumann",liste_interne,"Oct 25, 2019 11:07 am",Friday,5,5,0,0,0,0,0,2,40.00%,6,1,20.00%,1,0,0,0,0,73d1ad0588,0,0,0
"Deepnews Digest #25: It All WeWorked Out for Adam Neumann","It All WeWorked Out for Adam Neumann","Deepnews Digest","Oct 25, 2019 11:45 am",Friday,2264,2260,3,1,4,0,0,1044,46.19%,1684,150,6.64%,350,10,0,0,4459,c333b124b8,0,0,0
"Deepnews Digest: Autonomous","The Deepnews on ... Misinformation",for_victor,"Oct 28, 2019 10:16 am",Monday,3,3,0,0,0,0,0,1,33.33%,2,0,0.00%,0,0,0,0,0,b3f91c3e2e,0,0,0
"Deepnews Digest: Autonomous","The Deepnews on ... Misinformation",for_victor,"Oct 28, 2019 10:16 am",Monday,3,3,0,0,0,0,0,1,33.33%,2,0,0.00%,0,0,0,0,0,e3cb492d06,0,0,0
"Deepnews Digest: Autonomous","The Deepnews on ... Food Tech",for_victor,"Oct 28, 2019 10:17 am",Monday,3,3,0,0,0,0,0,1,33.33%,2,0,0.00%,0,0,0,0,0,4bba51d556,0,0,0
"Deepnews Digest: Autonomous","The Deepnews on ... Facial Recognition",for_victor,"Oct 28, 2019 10:19 am",Monday,3,3,0,0,0,0,0,1,33.33%,3,0,0.00%,0,0,0,0,0,1470a648ef,0,0,0
"Deepnews Digest: Autonomous","The Deepnews on ... Venture Capital",for_victor,"Oct 28, 2019 10:20 am",Monday,3,3,0,0,0,0,0,1,33.33%,3,0,0.00%,0,0,0,0,0,b4c0b9c254,0,0,0
"Deepnews Digest: Autonomous","The Deepnews on ... Misinformation",for_victor,"Oct 28, 2019 10:21 am",Monday,3,3,0,0,0,0,0,1,33.33%,1,0,0.00%,0,0,0,0,0,2b990094e0,0,0,0
"Deepnews Digest: Autonomous","The Deepnews on ... Food Tech",for_victor,"Oct 28, 2019 12:38 pm",Monday,3,3,0,0,0,0,0,1,33.33%,1,0,0.00%,0,0,0,0,0,0ff13c0cbb,0,0,0
"Deepnews Digest: Autonomous","The Deepnews on ... Misinformation",for_victor,"Oct 28, 2019 12:39 pm",Monday,3,3,0,0,0,0,0,1,33.33%,1,0,0.00%,0,0,0,0,0,aad24415e0,0,0,0
"562 - google vs EU & FB News Tab (FF) + Ipad (JLG)","Monday Note #562 - Google vs EU pubs & Facebook’s New Trick (FF) — iPadOS Discoverability Trouble (JLG)",ALL_from_madmimi,"Oct 28, 2019 01:08 pm",Monday,12455,12427,24,4,28,0,0,4362,35.10%,8393,197,1.59%,319,15,1,0,0,1b8d1d6b4f,0,0,0
"Deepnews Digest: Autonomous","Tales from the Crypto",for_victor,"Oct 28, 2019 05:25 pm",Monday,3,3,0,0,0,0,0,1,33.33%,1,0,0.00%,0,0,0,0,0,d77936e0fe,0,0,0
"Deepnews Digest: Autonomous","The Deepnews on ... Energy Transition",for_victor,"Oct 29, 2019 09:57 am",Tuesday,3,3,0,0,0,0,0,1,33.33%,1,0,0.00%,0,0,0,0,0,4daf54253d,0,0,0
"562 - google vs EU & FB News Tab (FF) + Ipad (JLG) (copy 01)","Monday Note #562 - Google vs EU pubs & Facebook’s New Trick (FF) — iPadOS Discoverability Trouble (JLG)",ALL_from_madmimi,"Oct 30, 2019 10:14 am",Wednesday,8336,8311,22,3,25,0,0,1279,15.39%,1833,33,0.40%,43,2,0,0,0,4f3ae98357,0,0,0
"Deepnews Digest: Autonomous","The Deepnews on ... Facial Recognition",for_victor,"Oct 30, 2019 10:19 am",Wednesday,3,3,0,0,0,0,0,1,33.33%,1,0,0.00%,0,0,0,0,0,af39b11499,0,0,0
"Deepnews Digest #26: Everywhere Around the World, Taking to the Street","Everywhere Around the World, Taking to the Street",for_victor,"Nov 01, 2019 10:25 am",Friday,3,3,0,0,0,0,0,2,66.67%,5,2,66.67%,3,0,0,0,0,5fe857140b,0,0,0
"Deepnews Digest #26: Everywhere Around the World, Taking to the Street","Everywhere Around the World, Taking to the Street",liste_interne,"Nov 01, 2019 10:33 am",Friday,5,5,0,0,0,0,0,4,80.00%,10,4,80.00%,23,0,0,0,0,0d21f3ae92,0,0,0
"Deepnews Digest #26: Everywhere Around the World, Taking to the Street","Everywhere Around the World, Taking to the Street","Deepnews Digest","Nov 01, 2019 11:13 am",Friday,2279,2273,3,3,6,0,0,1022,44.96%,1578,95,4.18%,216,4,0,0,4459,e52b2207ea,0,0,0
"Deepnews Digest: Autonomous","The Deepnews on ... Autonomous Vehicles",for_victor,"Nov 03, 2019 09:12 pm",Sunday,3,3,0,0,0,0,0,1,33.33%,1,0,0.00%,0,0,0,0,0,feee2e0519,0,0,0
"563 - Done Saga (2) - Apple Q results","Monday Note #563 - Three Chinese Lessons (G. Raymond) — Apple: Reading The Quarterly Leaves (J.-L. Gassée)",ALL_from_madmimi,"Nov 03, 2019 10:20 pm",Sunday,12450,12426,13,11,24,0,0,4746,38.19%,9181,464,3.73%,748,8,0,0,0,02e7cee262,0,0,0
"Deepnews Digest: Autonomous","The Deepnews on ... Misinformation",for_victor,"Nov 04, 2019 11:17 am",Monday,3,3,0,0,0,0,0,1,33.33%,1,0,0.00%,0,0,0,0,0,b50fb74ab0,0,0,0
"Deepnews Digest #25: It All WeWorked Out for Adam Neumann","It All WeWorked Out for Adam Neumann",for_victor,"Nov 04, 2019 02:09 pm",Monday,3,3,0,0,0,0,0,1,33.33%,1,0,0.00%,0,0,0,0,0,fca42a9735,0,0,0
"Deepnews Digest #26: Everywhere Around the World, Taking to the Street","Everywhere Around the World, Taking to the Street",for_victor,"Nov 04, 2019 02:23 pm",Monday,3,3,0,0,0,0,0,1,33.33%,1,0,0.00%,0,0,0,0,0,38ae32df2a,0,0,0
"Deepnews Digest #26: Everywhere Around the World, Taking to the Street","Everywhere Around the World, Taking to the Street",for_victor,"Nov 04, 2019 03:28 pm",Monday,3,3,0,0,0,0,0,1,33.33%,1,0,0.00%,0,0,0,0,0,dd171445a7,0,0,0
"Deepnews Digest #26: Everywhere Around the World, Taking to the Street","Everywhere Around the World, Taking to the Street",for_victor,"Nov 04, 2019 04:19 pm",Monday,3,3,0,0,0,0,0,1,33.33%,1,0,0.00%,0,0,0,0,0,447dc133df,0,0,0
"Deepnews Digest #26: Everywhere Around the World, Taking to the Street","Everywhere Around the World, Taking to the Street",for_victor,"Nov 04, 2019 05:22 pm",Monday,3,3,0,0,0,0,0,1,33.33%,1,0,0.00%,0,0,0,0,0,15e56c5c12,0,0,0
"Deepnews Digest: Autonomous","The Deepnews on ... Venture Capital",for_victor,"Nov 05, 2019 10:53 am",Tuesday,3,3,0,0,0,0,0,1,33.33%,1,0,0.00%,0,0,0,0,0,3b99ba41bf,0,0,0
"Deepnews Digest: Autonomous","The Deepnews on ... Influencers",for_victor,"Nov 05, 2019 02:41 pm",Tuesday,3,3,0,0,0,0,0,1,33.33%,1,0,0.00%,0,0,0,0,0,29c23d53d9,0,0,0
"Deepnews Digest #26: Everywhere Around the World, Taking to the Street","Everywhere Around the World, Taking to the Street",for_victor,"Nov 05, 2019 03:37 pm",Tuesday,3,3,0,0,0,0,0,1,33.33%,1,0,0.00%,0,0,0,0,0,380987c004,0,0,0
"Deepnews Digest #26: Everywhere Around the World, Taking to the Street","Everywhere Around the World, Taking to the Street",for_victor,"Nov 05, 2019 04:12 pm",Tuesday,3,3,0,0,0,0,0,2,66.67%,2,1,33.33%,2,0,0,0,0,d6ca3441c4,0,0,0
"Deepnews Digest #26: Everywhere Around the World, Taking to the Street","Everywhere Around the World, Taking to the Street",for_victor,"Nov 05, 2019 04:35 pm",Tuesday,3,3,0,0,0,0,0,1,33.33%,1,0,0.00%,0,0,0,0,0,77b483d7df,0,0,0
"Deepnews Digest: Autonomous","The Deepnews on ... Facial Recognition",for_victor,"Nov 06, 2019 09:59 am",Wednesday,3,3,0,0,0,0,0,1,33.33%,1,0,0.00%,0,0,0,0,0,290c8ec042,0,0,0
"Deepnews Digest: Autonomous","The Deepnews on ... Facial Recognition",for_victor,"Nov 06, 2019 10:10 am",Wednesday,3,3,0,0,0,0,0,1,33.33%,1,0,0.00%,0,0,0,0,0,e60a455d55,0,0,0
"Deepnews Digest: Autonomous","The Deepnews on ... Facial Recognition",for_victor,"Nov 06, 2019 11:52 am",Wednesday,3,3,0,0,0,0,0,1,33.33%,1,0,0.00%,0,0,0,0,0,2e8293cf0c,0,0,0
"Deepnews Digest: Autonomous","The Deepnews on ... Facial Recognition",test_deepnews_reviews,"Nov 06, 2019 01:27 pm",Wednesday,1,1,0,0,0,0,0,0,0.00%,0,0,0.00%,0,0,0,0,0,ac59b2ddce,0,0,0
"Deepnews Digest: Autonomous","The Deepnews on ... Facial Recognition",for_victor,"Nov 06, 2019 03:14 pm",Wednesday,3,3,0,0,0,0,0,1,33.33%,1,0,0.00%,0,0,0,0,0,22922ec20f,0,0,0
"Deepnews Digest: Autonomous","The Deepnews on ... Facial Recognition",for_victor,"Nov 06, 2019 03:52 pm",Wednesday,3,3,0,0,0,0,0,1,33.33%,1,0,0.00%,0,0,0,0,0,5824a4e2e8,0,0,0
"563 - Done Saga (2) - Apple Q results (copy 01)","Monday Note #563 - Three Chinese Lessons (G. Raymond) — Apple: Reading The Quarterly Leaves (J.-L. Gassée)",ALL_from_madmimi,"Nov 07, 2019 11:14 am",Thursday,7848,7835,8,5,13,0,0,1158,14.78%,1762,82,1.05%,126,7,0,0,0,44df9276bd,0,0,0
"Deepnews Digest: Autonomous","The Deepnews on ... Autonomous Vehicles",for_victor,"Nov 07, 2019 05:27 pm",Thursday,3,3,0,0,0,0,0,1,33.33%,1,0,0.00%,0,0,0,0,0,a9e557576d,0,0,0
"Deepnews Digest #27: Swing and a Misinformation","Swing and a Misinformation",for_victor,"Nov 08, 2019 11:37 am",Friday,3,3,0,0,0,0,0,2,66.67%,4,0,0.00%,0,0,0,0,0,49661c2749,0,0,0
"Deepnews Digest #27: Swing and a Misinformation","Swing and a Misinformation",for_victor,"Nov 08, 2019 11:37 am",Friday,3,3,0,0,0,0,0,1,33.33%,3,0,0.00%,0,0,0,0,0,1e6e364dea,0,0,0
"Deepnews Digest #27.0: Swing and a Misinformation","Swing and a Misinformation",for_victor,"Nov 08, 2019 12:23 pm",Friday,3,3,0,0,0,0,0,1,33.33%,2,0,0.00%,0,0,0,0,0,1a841d7ec2,0,0,0
"Deepnews Digest #27.0: Swing and a Misinformation","Swing and a Misinformation",for_victor,"Nov 08, 2019 12:27 pm",Friday,3,3,0,0,0,0,0,1,33.33%,2,1,33.33%,2,0,0,0,0,ca4d78c9d2,0,0,0
"Deepnews Digest #27.0: Swing and a Misinformation","Swing and a Misinformation",for_victor,"Nov 08, 2019 12:37 pm",Friday,3,3,0,0,0,0,0,1,33.33%,2,1,33.33%,1,0,0,0,0,4f3d13a031,0,0,0
"Deepnews Digest #27.0: Swing and a Misinformation","Swing and a Misinformation",for_victor,"Nov 08, 2019 12:44 pm",Friday,3,3,0,0,0,0,0,2,66.67%,3,1,33.33%,1,0,0,0,0,0e315bc2ac,0,0,0
"Deepnews Digest #27.0: Swing and a Misinformation","Swing and a Misinformation",liste_interne,"Nov 08, 2019 12:46 pm",Friday,5,5,0,0,0,0,0,2,40.00%,6,1,20.00%,1,0,0,0,0,557d2a7749,0,0,0
"Deepnews Digest #27.0: Swing and a Misinformation","Swing and a Misinformation",liste_interne,"Nov 08, 2019 01:04 pm",Friday,5,5,0,0,0,0,0,3,60.00%,6,1,20.00%,1,1,0,0,0,72dec76e36,0,0,0
"Deepnews Digest #27.0: Swing and a Misinformation","Swing and a Misinformation",liste_interne,"Nov 08, 2019 01:11 pm",Friday,4,4,0,0,0,0,0,2,50.00%,5,1,25.00%,1,0,0,0,0,1b4b731116,0,0,0
"Deepnews Digest #27.0: Swing and a Misinformation","Swing and a Misinformation",liste_interne,"Nov 08, 2019 01:24 pm",Friday,4,4,0,0,0,0,0,1,25.00%,2,0,0.00%,0,0,0,0,0,47da558527,0,0,0
"Deepnews Digest #27.0: Swing and a Misinformation","Swing and a Misinformation",liste_interne,"Nov 08, 2019 01:24 pm",Friday,4,4,0,0,0,0,0,1,25.00%,2,0,0.00%,0,0,0,0,0,93a1e066fe,0,0,0
"Deepnews Digest #27.0: Swing and a Misinformation","Swing and a Misinformation",liste_interne,"Nov 08, 2019 01:26 pm",Friday,4,4,0,0,0,0,0,2,50.00%,4,0,0.00%,0,0,0,0,0,79b187fb28,0,0,0
"Deepnews Digest #27.0: Swing and a Misinformation","Swing and a Misinformation",for_victor,"Nov 08, 2019 01:38 pm",Friday,3,3,0,0,0,0,0,1,33.33%,2,0,0.00%,0,0,0,0,0,f3966afe4d,0,0,0
"Deepnews Digest #27.0: Swing and a Misinformation","Swing and a Misinformation",for_victor,"Nov 08, 2019 01:40 pm",Friday,3,3,0,0,0,0,0,1,33.33%,2,0,0.00%,0,0,0,0,0,d8661d6f75,0,0,0
"Deepnews Digest #27.0: Swing and a Misinformation","Swing and a Misinformation",for_victor,"Nov 08, 2019 01:42 pm",Friday,3,3,0,0,0,0,0,1,33.33%,2,0,0.00%,0,0,0,0,0,e55047736d,0,0,0
"Deepnews Digest #27.0: Swing and a Misinformation","Swing and a Misinformation",liste_interne,"Nov 08, 2019 01:44 pm",Friday,4,4,0,0,0,0,0,2,50.00%,11,1,25.00%,7,0,0,0,0,b69568683d,0,0,0
"Deepnews Digest #27.0: Swing and a Misinformation","Swing and a Misinformation","Deepnews Digest","Nov 08, 2019 02:05 pm",Friday,2293,2290,1,2,3,0,0,1125,49.13%,2040,109,4.76%,223,5,0,0,4459,2026c26069,0,0,0
"Deepnews Digest: Autonomous","The Deepnews on ... Food Tech",for_victor,"Nov 11, 2019 11:40 am",Monday,3,3,0,0,0,0,0,1,33.33%,4,0,0.00%,0,0,0,0,0,f5f329e481,0,0,0
"Deepnews Digest: Autonomous","The Deepnews on ... Drones",for_victor,"Nov 11, 2019 12:05 pm",Monday,3,3,0,0,0,0,0,1,33.33%,2,0,0.00%,0,0,0,0,0,7a16455246,0,0,0
"Deepnews Digest: Autonomous","The Deepnews on ... Food Tech",for_victor,"Nov 11, 2019 12:06 pm",Monday,3,3,0,0,0,0,0,1,33.33%,1,0,0.00%,0,0,0,0,0,06ce09b02a,0,0,0
"Deepnews Digest: Autonomous","The Deepnews on ... Food Tech",for_victor,"Nov 11, 2019 01:21 pm",Monday,3,3,0,0,0,0,0,1,33.33%,1,0,0.00%,0,0,0,0,0,143d9f7c79,0,0,0
"Deepnews Digest: Autonomous","The Deepnews on ... Misinformation",for_victor,"Nov 11, 2019 02:21 pm",Monday,3,3,0,0,0,0,0,1,33.33%,1,0,0.00%,0,0,0,0,0,4fe5f4eae1,0,0,0
"Deepnews Digest: Autonomous","The Deepnews on ... Misinformation",for_victor,"Nov 11, 2019 02:22 pm",Monday,3,3,0,0,0,0,0,1,33.33%,1,0,0.00%,0,0,0,0,0,c8744a14b0,0,0,0
"Deepnews Digest: Autonomous","The Deepnews on ... Energy Transition",for_victor,"Nov 11, 2019 06:05 pm",Monday,3,3,0,0,0,0,0,1,33.33%,1,0,0.00%,0,0,0,0,0,47641a0c3e,0,0,0
"Deepnews Digest: Autonomous","The Deepnews on ... Smart Cities",for_victor,"Nov 11, 2019 06:08 pm",Monday,3,3,0,0,0,0,0,1,33.33%,1,0,0.00%,0,0,0,0,0,aab9c3a0ef,0,0,0
"Deepnews Digest: Autonomous","The Deepnews on ... Energy Transition",for_victor,"Nov 11, 2019 06:14 pm",Monday,3,3,0,0,0,0,0,1,33.33%,1,0,0.00%,0,0,0,0,0,290a52eb04,0,0,0
"Deepnews Digest: Autonomous","The Deepnews on ... Drones",for_victor,"Nov 11, 2019 06:14 pm",Monday,3,3,0,0,0,0,0,1,33.33%,1,0,0.00%,0,0,0,0,0,6a928a3ad6,0,0,0
"564 - Micromobility (ff alone)","Monday Note #564 - The Micromobility Mirage",ALL_from_madmimi,"Nov 11, 2019 07:23 pm",Monday,12432,12415,11,6,17,0,0,4405,35.48%,8334,347,2.80%,508,23,0,0,0,e50192c285,0,0,0
"Deepnews Digest: Autonomous","The Deepnews on ... Autonomous Vehicles",for_victor,"Nov 12, 2019 12:15 pm",Tuesday,3,3,0,0,0,0,0,1,33.33%,1,0,0.00%,0,0,0,0,0,14ff3855fb,0,0,0
"Deepnews Digest: Autonomous","The Deepnews on ... Misinformation",for_victor,"Nov 12, 2019 01:52 pm",Tuesday,3,3,0,0,0,0,0,1,33.33%,1,0,0.00%,0,0,0,0,0,9e3bfeff43,0,0,0
"Deepnews Digest: Autonomous","The Deepnews on ... VC",for_victor,"Nov 13, 2019 12:32 pm",Wednesday,3,3,0,0,0,0,0,1,33.33%,1,0,0.00%,0,0,0,0,0,e7455cd5f8,0,0,0
"Deepnews Digest: Autonomous","The Deepnews on ... VC",for_victor,"Nov 13, 2019 01:03 pm",Wednesday,3,3,0,0,0,0,0,1,33.33%,1,0,0.00%,0,0,0,0,0,55f9dff918,0,0,0
"564 - Micromobility (ff alone) (copy 01)","Monday Note #564 - The Micromobility Mirage",ALL_from_madmimi,"Nov 13, 2019 09:48 pm",Wednesday,8241,8224,10,7,17,0,0,1219,14.82%,1865,60,0.73%,178,7,0,0,0,51b8447b78,0,0,0
"Deepnews Digest: Autonomous","The Deepnews on ... Facial Recognition",for_victor,"Nov 14, 2019 10:00 am",Thursday,3,3,0,0,0,0,0,1,33.33%,1,0,0.00%,0,0,0,0,0,c71ed66b48,0,0,0
"Deepnews Digest: Autonomous","The Deepnews on ... Facial Recognition",for_victor,"Nov 14, 2019 10:08 am",Thursday,3,3,0,0,0,0,0,1,33.33%,1,0,0.00%,0,0,0,0,0,636840fb93,0,0,0
"Deepnews Digest: Autonomous","The Deepnews on ... Autonomous Vehicles",for_victor,"Nov 14, 2019 12:46 pm",Thursday,3,3,0,0,0,0,0,1,33.33%,1,0,0.00%,0,0,0,0,0,c4a4a5929d,0,0,0
"Deepnews Digest #28: Don't cross the streams","Don't cross the streams",for_victor,"Nov 14, 2019 06:11 pm",Thursday,3,3,0,0,0,0,0,1,33.33%,1,0,0.00%,0,0,0,0,0,a8f523e344,0,0,0
"Deepnews Digest #28: Don't cross the streams","Don't cross the streams",liste_interne,"Nov 14, 2019 07:27 pm",Thursday,4,4,0,0,0,0,0,2,50.00%,5,0,0.00%,0,0,0,0,0,9a00ab31d2,0,0,0
"Deepnews Digest #28: Don't cross the streams","Don't cross the streams",for_victor,"Nov 15, 2019 10:19 am",Friday,3,3,0,0,0,0,0,1,33.33%,3,0,0.00%,0,0,0,0,0,9fa2771168,0,0,0
"Deepnews Digest #28: Don't cross the streams","Don't cross the streams",for_victor,"Nov 15, 2019 10:22 am",Friday,3,3,0,0,0,0,0,2,66.67%,5,1,33.33%,1,0,0,0,0,22ed6056d6,0,0,0
"Deepnews Digest #28: Don't cross the streams","Don't cross the streams",for_victor,"Nov 15, 2019 10:57 am",Friday,3,3,0,0,0,0,0,2,66.67%,7,0,0.00%,0,0,0,0,0,164d3510a2,0,0,0
"Deepnews Digest #28: Don't cross the streams","Don't cross the streams",for_victor,"Nov 15, 2019 11:59 am",Friday,3,3,0,0,0,0,0,1,33.33%,1,0,0.00%,0,0,0,0,0,9f5077c375,0,0,0
"Deepnews Digest #28: Don't cross the streams","Don't cross the streams",for_victor,"Nov 15, 2019 12:06 pm",Friday,3,3,0,0,0,0,0,2,66.67%,3,0,0.00%,0,0,0,0,0,1c887aa318,0,0,0
"Deepnews Digest #28: Don't cross the streams","Don't cross the streams",liste_interne,"Nov 15, 2019 12:08 pm",Friday,4,4,0,0,0,0,0,2,50.00%,8,1,25.00%,1,0,0,0,0,efba0f845f,0,0,0
"Deepnews Digest #28: Don't cross the streams","Don't cross the streams",for_victor,"Nov 15, 2019 01:10 pm",Friday,3,3,0,0,0,0,0,2,66.67%,2,0,0.00%,0,0,0,0,0,b5ec609d01,0,0,0
"Deepnews Digest #28: Don't cross the streams","Don't cross the streams",liste_interne,"Nov 15, 2019 01:11 pm",Friday,4,4,0,0,0,0,0,2,50.00%,6,1,25.00%,1,0,0,0,0,357bdc3161,0,0,0
"Deepnews Digest #28: Don't cross the streams","Don't cross the streams",liste_interne,"Nov 15, 2019 01:40 pm",Friday,4,4,0,0,0,0,0,2,50.00%,4,0,0.00%,0,0,0,0,0,8e6b0b04ad,0,0,0
"Deepnews Digest #28: Don't cross the streams","Don't cross the streams",for_victor,"Nov 15, 2019 01:40 pm",Friday,3,3,0,0,0,0,0,2,66.67%,5,0,0.00%,0,0,0,0,0,15dfecfaa1,0,0,0
"Deepnews Digest #28: Don't cross the streams","Don't cross the streams","Deepnews Digest","Nov 15, 2019 02:07 pm",Friday,2327,2326,0,1,1,0,0,1138,48.93%,2159,109,4.69%,255,8,0,0,4459,a74a9dee7b,0,0,0
"Deepnews Digest: Autonomous","The Deepnews on ... Autonomous Vehicles",for_victor,"Nov 18, 2019 12:13 pm",Monday,3,3,0,0,0,0,0,1,33.33%,1,0,0.00%,0,0,0,0,0,48b64ff8ba,0,0,0
"565 - Done Saga ep3 - APple VR/AR JLG","Monday Note #565 - Startup Saga Ep.3: Branding — Apple AR/VR: Reality Bites Virtual Reality",ALL_from_madmimi,"Nov 18, 2019 12:58 pm",Monday,12412,12394,15,3,18,0,0,4388,35.40%,7958,268,2.16%,495,22,0,0,0,972bcd4312,0,0,0
"Deepnews Digest: Autonomous","The Deepnews on ... Energy Transition",for_victor,"Nov 18, 2019 03:38 pm",Monday,3,3,0,0,0,0,0,1,33.33%,1,0,0.00%,0,0,0,0,0,ea1d58611e,0,0,0
"Deepnews Digest: Autonomous","The Deepnews on ... Drones",for_victor,"Nov 18, 2019 04:34 pm",Monday,3,3,0,0,0,0,0,1,33.33%,1,0,0.00%,0,0,0,0,0,4c0cd49c95,0,0,0
"Deepnews Digest: Autonomous","Deepnews on ... Deep Space",for_victor,"Nov 18, 2019 05:30 pm",Monday,3,3,0,0,0,0,0,1,33.33%,1,0,0.00%,0,0,0,0,0,30836b6f7d,0,0,0
"Deepnews Digest: Autonomous",...,for_victor,"Nov 18, 2019 05:43 pm",Monday,3,3,0,0,0,0,0,1,33.33%,1,0,0.00%,0,0,0,0,0,c97d2996ba,0,0,0
"Deepnews Digest: Autonomous","Deepnews on GDPR",for_victor,"Nov 18, 2019 05:55 pm",Monday,3,3,0,0,0,0,0,1,33.33%,1,0,0.00%,0,0,0,0,0,7e832e1828,0,0,0
"Deepnews Digest: Autonomous","The Deepnews on ... Smart Cities",for_victor,"Nov 18, 2019 06:32 pm",Monday,3,3,0,0,0,0,0,1,33.33%,1,0,0.00%,0,0,0,0,0,26d3199006,0,0,0
"Deepnews Digest: Autonomous","Deepnews on ... Deep Space",for_victor,"Nov 20, 2019 05:30 pm",Wednesday,3,3,0,0,0,0,0,1,33.33%,1,0,0.00%,0,0,0,0,0,1f22e0256f,0,0,0
"Deepnews Digest: Autonomous","Deepnews on GDPR",for_victor,"Nov 20, 2019 06:09 pm",Wednesday,3,3,0,0,0,0,0,1,33.33%,1,0,0.00%,0,0,0,0,0,a0c094daaa,0,0,0
"Deepnews Digest: Autonomous","Deepnews on GDPR",for_victor,"Nov 21, 2019 10:25 am",Thursday,3,3,0,0,0,0,0,1,33.33%,1,0,0.00%,0,0,0,0,0,344c7a7ef5,0,0,0
"Deepnews Digest: Autonomous","The Deepnews on ... Drones",for_victor,"Nov 21, 2019 10:53 am",Thursday,3,3,0,0,0,0,0,1,33.33%,1,0,0.00%,0,0,0,0,0,f6dfcba4e8,0,0,0
"565 - Done Saga ep3 - APple VR/AR JLG (copy 01)","Monday Note #565 - Branding a software — Apple AR/VR: Reality Bites Virtual Reality",ALL_from_madmimi,"Nov 21, 2019 10:59 am",Thursday,8197,8174,18,5,23,0,0,1105,13.52%,1559,42,0.51%,61,9,0,0,0,89dcd64e7b,0,0,0
"Deepnews Digest #29: What Tech is Banking On","What Tech is Banking On",for_victor,"Nov 21, 2019 12:41 pm",Thursday,3,3,0,0,0,0,0,2,66.67%,2,0,0.00%,0,0,0,0,0,7087a5974d,0,0,0
"Deepnews Digest #29: What Tech is Banking On","What Tech is Banking On",for_victor,"Nov 21, 2019 01:16 pm",Thursday,3,3,0,0,0,0,0,1,33.33%,1,0,0.00%,0,0,0,0,0,5a22e00a25,0,0,0
"Deepnews Digest #29: What Tech is Banking On","What Tech is Banking On",for_victor,"Nov 21, 2019 01:19 pm",Thursday,3,3,0,0,0,0,0,1,33.33%,1,0,0.00%,0,0,0,0,0,6690c547c1,0,0,0
"Deepnews Digest #29: Over the Moon","Over the Moon",for_victor,"Nov 22, 2019 12:02 pm",Friday,3,3,0,0,0,0,0,3,100.00%,3,1,33.33%,1,0,0,0,0,b1f75d1415,0,0,0
"Deepnews Digest #29: Over the Moon","Over the Moon",for_victor,"Nov 22, 2019 12:14 pm",Friday,3,3,0,0,0,0,0,1,33.33%,1,0,0.00%,0,0,0,0,0,dc5e4685e0,0,0,0
"Deepnews Digest #29: Over the Moon","Over the Moon",for_victor,"Nov 22, 2019 12:18 pm",Friday,3,3,0,0,0,0,0,1,33.33%,1,0,0.00%,0,0,0,0,0,4e125baffb,0,0,0
"Deepnews Digest #29: Over the Moon","Over the Moon",liste_interne,"Nov 22, 2019 12:21 pm",Friday,4,4,0,0,0,0,0,2,50.00%,5,1,25.00%,1,0,0,0,0,0fe94ab59e,0,0,0
"Deepnews Digest #29: Over the Moon","Over the Moon",liste_interne,"Nov 22, 2019 12:33 pm",Friday,4,4,0,0,0,0,0,3,75.00%,4,1,25.00%,1,0,0,0,0,78f32e0d1b,0,0,0
"Deepnews Digest #29: Over the Moon","Over the Moon",liste_interne,"Nov 22, 2019 12:41 pm",Friday,4,4,0,0,0,0,0,2,50.00%,3,1,25.00%,2,0,0,0,0,72179d3252,0,0,0
"Deepnews Digest #29: Over the Moon","Over the Moon",liste_interne,"Nov 22, 2019 12:53 pm",Friday,4,4,0,0,0,0,0,3,75.00%,7,0,0.00%,0,0,0,0,0,786194286a,0,0,0
"Deepnews Digest #29: Over the Moon","Over the Moon","Deepnews Digest","Nov 22, 2019 12:57 pm",Friday,2331,2329,2,0,2,0,0,1077,46.24%,1756,96,4.12%,175,4,0,0,4459,f9a254f52e,0,0,0
"Deepnews Digest: Autonomous","Autonomous Vehicles",for_victor,"Nov 25, 2019 12:39 pm",Monday,3,3,0,0,0,0,0,1,33.33%,1,0,0.00%,0,0,0,0,0,db488da846,0,0,0
"566 - JLG (alone) VCs vs. Entrepreneurs","Monday Note #566 - Five Ways Entrepreneurs Misunderstand VCs by J.-L. Gassée",ALL_from_madmimi,"Nov 25, 2019 02:28 pm",Monday,12380,12358,15,7,22,0,0,4217,34.12%,7445,261,2.11%,398,19,0,0,0,c36e4c179e,0,0,0
"Deepnews Digest: Autonomous",Influencers,for_victor,"Nov 25, 2019 04:22 pm",Monday,3,3,0,0,0,0,0,1,33.33%,1,0,0.00%,0,0,0,0,0,4e29367f9b,0,0,0
"Deepnews Digest: Autonomous","The Deepnews on ... Venture Capital",for_victor,"Nov 26, 2019 11:12 am",Tuesday,3,3,0,0,0,0,0,1,33.33%,1,0,0.00%,0,0,0,0,0,6724a32b9d,0,0,0
"Deepnews Digest: Autonomous","The Deepnews on ... Venture Capital",for_victor,"Nov 26, 2019 11:23 am",Tuesday,3,3,0,0,0,0,0,1,33.33%,1,0,0.00%,0,0,0,0,0,549b29c7af,0,0,0
"Deepnews Digest: Autonomous","Deepnews on ... 5G",for_victor,"Nov 27, 2019 10:42 pm",Wednesday,3,3,0,0,0,0,0,1,33.33%,1,0,0.00%,0,0,0,0,0,bfcc99d695,0,0,0
"Deepnews Digest: Autonomous","Deepnews on GDPR",for_victor,"Nov 27, 2019 10:46 pm",Wednesday,3,3,0,0,0,0,0,1,33.33%,1,0,0.00%,0,0,0,0,0,06ecb44dbd,0,0,0
"Deepnews Digest: Autonomous","The Deepnews on ... gig economy",for_victor,"Nov 27, 2019 10:58 pm",Wednesday,3,3,0,0,0,0,0,1,33.33%,1,0,0.00%,0,0,0,0,0,db2c1e0216,0,0,0
"Deepnews Digest: Autonomous","Autonomous Vehicles",for_victor,"Nov 27, 2019 11:06 pm",Wednesday,3,3,0,0,0,0,0,1,33.33%,1,0,0.00%,0,0,0,0,0,55057cb218,0,0,0
"Deepnews Digest: Autonomous","Deepnews on Drones",for_victor,"Nov 27, 2019 11:19 pm",Wednesday,3,3,0,0,0,0,0,1,33.33%,1,0,0.00%,0,0,0,0,0,a6a59722ad,0,0,0
"Deepnews Digest: Autonomous","Deepnews on GDPR",for_victor,"Nov 28, 2019 10:54 am",Thursday,3,3,0,0,0,0,0,1,33.33%,1,0,0.00%,0,0,0,0,0,a47c59e574,0,0,0
"Deepnews Digest: Autonomous","Deepnews on GDPR",for_victor,"Nov 28, 2019 11:57 am",Thursday,3,3,0,0,0,0,0,1,33.33%,1,0,0.00%,0,0,0,0,0,9719ee414d,0,0,0
"Deepnews Digest: Autonomous",.,for_victor,"Nov 28, 2019 12:35 pm",Thursday,3,3,0,0,0,0,0,1,33.33%,1,0,0.00%,0,0,0,0,0,7f912fb368,0,0,0
"Deepnews Digest #29: Over the Moon","Over the Moon",for_victor,"Nov 28, 2019 06:02 pm",Thursday,3,3,0,0,0,0,0,2,66.67%,3,0,0.00%,0,0,0,0,0,63478b6e8f,0,0,0
"Deepnews Digest: Autonomous",test,for_victor,"Nov 29, 2019 11:23 am",Friday,3,3,0,0,0,0,0,1,33.33%,1,0,0.00%,0,0,0,0,0,322de99b73,0,0,0
"Deepnews Digest #30: The Real Deal on Black Friday","The Real Deal on Black Friday",for_victor,"Nov 29, 2019 12:03 pm",Friday,3,3,0,0,0,0,0,1,33.33%,1,0,0.00%,0,0,0,0,0,0c4f32f0a3,0,0,0
"Deepnews Digest #30: The Real Deal on Black Friday","The Real Deal on Black Friday",for_victor,"Nov 29, 2019 12:15 pm",Friday,3,3,0,0,0,0,0,1,33.33%,1,0,0.00%,0,0,0,0,0,1d7cf15fbe,0,0,0
"Deepnews Digest #30: The Real Deal on Black Friday","The Real Deal on Black Friday",liste_interne,"Nov 29, 2019 12:21 pm",Friday,4,4,0,0,0,0,0,2,50.00%,4,0,0.00%,0,0,0,0,0,94c4d29bc4,0,0,0
"Deepnews Digest #30: The Real Deal on Black Friday","The Real Deal on Black Friday","Deepnews Digest","Nov 29, 2019 12:44 pm",Friday,2340,2338,2,0,2,0,0,961,41.10%,1549,109,4.66%,201,7,0,0,4459,b4e01c4f27,0,0,0
"Deepnews Digest: Autonomous","Food Matters Matter",for_victor,"Dec 01, 2019 09:29 pm",Sunday,3,3,0,0,0,0,0,1,33.33%,1,0,0.00%,0,0,0,0,0,1497d8ed88,0,0,0
"Deepnews Digest: Autonomous","Temporary is the new permanent",for_victor,"Dec 02, 2019 10:35 am",Monday,3,3,0,0,0,0,0,1,33.33%,1,0,0.00%,0,0,0,0,0,5712a69bad,0,0,0
"Deepnews Digest: Autonomous","Autonomous Vehicles",for_victor,"Dec 02, 2019 02:18 pm",Monday,3,3,0,0,0,0,0,1,33.33%,1,0,0.00%,0,0,0,0,0,fc6a222dc9,0,0,0
"567 - Done Saga Ep 4 - Design Srpint (no JLG)","Monday Note #567 - A Product in Five Days: The Design Sprint, By Gilles Raymond",ALL_from_madmimi,"Dec 02, 2019 02:52 pm",Monday,12361,12337,15,9,24,0,0,3948,32.00%,6969,212,1.72%,293,18,0,0,0,83151417be,0,0,0
"Deepnews Digest: Autonomous","The Deepnews on ... Debt",for_victor,"Dec 04, 2019 09:51 pm",Wednesday,3,3,0,0,0,0,0,2,66.67%,2,0,0.00%,0,0,0,0,0,f4bd9292ba,0,0,0
"Deepnews Digest: Autonomous",Misinformation,for_victor,"Dec 04, 2019 10:18 pm",Wednesday,3,3,0,0,0,0,0,2,66.67%,2,0,0.00%,0,0,0,0,0,0a9073c022,0,0,0
"567 - Done Saga Ep 4 - Design Srpint (no JLG) (copy 01)","Monday Note #567 - A Product in Five Days: The Design Sprint, By Gilles Raymond",ALL_from_madmimi,"Dec 05, 2019 08:08 am",Thursday,8522,8505,12,5,17,0,0,1508,17.73%,2200,52,0.61%,75,11,0,0,0,c1e19b7e40,0,0,0
"Deepnews Digest: Autonomous",test,for_victor,"Dec 05, 2019 10:32 am",Thursday,3,3,0,0,0,0,0,2,66.67%,2,0,0.00%,0,0,0,0,0,7f2fee57c8,0,0,0
"Deepnews Digest: Autonomous","Deepnews on ... 5G",for_victor,"Dec 05, 2019 10:33 am",Thursday,3,3,0,0,0,0,0,3,100.00%,4,0,0.00%,0,0,0,0,0,c4ee56dfa0,0,0,0
"Deepnews Digest: Autonomous","Deepnews on ... 5G",for_victor,"Dec 05, 2019 10:34 am",Thursday,3,3,0,0,0,0,0,2,66.67%,2,0,0.00%,0,0,0,0,0,ae6dccb2e8,0,0,0
"Deepnews Digest: Autonomous","Deepnews on ... 5G",for_victor,"Dec 05, 2019 10:41 am",Thursday,3,3,0,0,0,0,0,2,66.67%,2,0,0.00%,0,0,0,0,0,5ded7eb87f,0,0,0
"Deepnews Digest #31: NATO's Brawling Birthday Bash","NATO's Brawling Birthday Bash",for_victor,"Dec 06, 2019 10:50 am",Friday,3,3,0,0,0,0,0,3,100.00%,4,1,33.33%,2,0,0,0,0,ef74f5bb7f,0,0,0
"Deepnews Digest #31: NATO's Brawling Birthday Bash","NATO's Brawling Birthday Bash",for_victor,"Dec 06, 2019 11:13 am",Friday,3,3,0,0,0,0,0,3,100.00%,3,0,0.00%,0,0,0,0,0,6678f584b3,0,0,0
"Deepnews Digest #31: NATO's Brawling Birthday Bash","NATO's Brawling Birthday Bash",liste_interne,"Dec 06, 2019 11:17 am",Friday,4,4,0,0,0,0,0,4,100.00%,5,3,75.00%,6,0,0,0,0,56f503dd30,0,0,0
"Deepnews Digest #31: NATO's Brawling Birthday Bash","NATO's Brawling Birthday Bash","Deepnews Digest","Dec 06, 2019 12:20 pm",Friday,2375,2369,5,1,6,0,0,963,40.65%,1492,76,3.21%,185,6,0,0,0,79afc48135,0,0,0
"568 JLG et la france en greve ","Monday Note #568 - Comparing France and US Systems: NYT Opinionators Wear Blinkers (Jean-Louis Gassée)",ALL_from_madmimi,"Dec 08, 2019 08:34 pm",Sunday,12330,12309,17,4,21,0,0,4244,34.48%,7799,214,1.74%,318,19,0,0,0,0a430840c5,0,0,0
"Deepnews Digest: Autonomous","Autonomous Vehicles",for_victor,"Dec 09, 2019 10:00 am",Monday,3,3,0,0,0,0,0,2,66.67%,2,0,0.00%,0,0,0,0,0,049381c32b,0,0,0
"Deepnews Digest: Autonomous","Autonomous Vehicles",for_victor,"Dec 09, 2019 10:14 am",Monday,3,3,0,0,0,0,0,2,66.67%,2,0,0.00%,0,0,0,0,0,78740eec0e,0,0,0
"Deepnews Digest: Autonomous","A Soft Crisis?",for_victor,"Dec 09, 2019 10:25 am",Monday,3,3,0,0,0,0,0,3,100.00%,3,0,0.00%,0,0,0,0,0,33c2cfb389,0,0,0
"Deepnews Digest #31: NATO's Brawling Birthday Bash","NATO's Brawling Birthday Bash",for_victor,"Dec 09, 2019 11:24 am",Monday,3,3,0,0,0,0,0,2,66.67%,2,0,0.00%,0,0,0,0,0,c2137cb2bc,0,0,0
"Deepnews Digest: Autonomous","Autonomous Vehicles",for_victor,"Dec 09, 2019 03:13 pm",Monday,3,3,0,0,0,0,0,2,66.67%,2,0,0.00%,0,0,0,0,0,0cadcd3815,0,0,0
"Deepnews Digest: Autonomous","A Soft Crisis?",for_victor,"Dec 09, 2019 03:19 pm",Monday,3,3,0,0,0,0,0,1,33.33%,1,0,0.00%,0,0,0,0,0,d842e2ad5e,0,0,0
"Deepnews Digest: Autonomous",Space,for_victor,"Dec 10, 2019 09:11 am",Tuesday,3,3,0,0,0,0,0,3,100.00%,4,0,0.00%,0,0,0,0,0,1850a4b09d,0,0,0
"Deepnews Digest: Autonomous",test,for_victor,"Dec 10, 2019 11:39 am",Tuesday,3,3,0,0,0,0,0,3,100.00%,4,0,0.00%,0,0,0,0,0,01a1f8dfbd,0,0,0
"Deepnews Digest: Autonomous",vc,for_victor,"Dec 10, 2019 01:39 pm",Tuesday,3,3,0,0,0,0,0,2,66.67%,2,0,0.00%,0,0,0,0,0,48a76c488f,0,0,0
"Deepnews Digest: Autonomous",test,for_victor,"Dec 10, 2019 03:04 pm",Tuesday,3,3,0,0,0,0,0,1,33.33%,1,0,0.00%,0,0,0,0,0,5948e951be,0,0,0
"Deepnews Digest: Autonomous",test,for_victor,"Dec 10, 2019 03:05 pm",Tuesday,3,3,0,0,0,0,0,2,66.67%,2,0,0.00%,0,0,0,0,0,9e4675fade,0,0,0
"Deepnews Digest: Autonomous",test,for_victor,"Dec 10, 2019 03:07 pm",Tuesday,3,3,0,0,0,0,0,2,66.67%,2,0,0.00%,0,0,0,0,0,d3703d706f,0,0,0
"Deepnews Digest: Autonomous",test,for_victor,"Dec 10, 2019 03:11 pm",Tuesday,3,3,0,0,0,0,0,2,66.67%,2,0,0.00%,0,0,0,0,0,66ec29ba05,0,0,0
